2250 3810
430 385 464 434 4
727 374 838 416 DIE
873 375 932 430 13
963 371 1139 412 FEBR.
1175 389 1241 396 —
1269 369 1315 411 S.
1348 367 1652 411 GREGORII
1683 369 1749 410 11.

466 490 543 546 In
556 493 609 561 j.
654 492 965 556 Nocturna,
1000 485 1209 542 Lec‘lio·

430 581 527 616 nes
564 564 630 616 de
656 564 963 630 Scriptura
998 575 1208 613 occurr.

430 636 503 688 In
536 632 834 704 Quadrag.
868 629 1075 685 Fidelis
1099 644 1208 682 ser·

432 720 541 758 mo.
573 707 639 758 de
658 705 970 757 Commum.

573 776 739 829 11111.
774 776 1073 828 Nocturno.

667 843 874 900 nertin
902 849 979 899 tn.

736 914 983 996 egorius
1053 913 1216 982 hujus

736 985 968 1040 mominis
1019 983 1215 1040 secun·

736 1058 838 1122 1υ5,
852 1056 1084 1110 natione
1105 1057 1218 1112 Ro,-

736 1144 944 1191 nanus,
1056 1136 1217 1195 patre

433 1197 725 1263 MarceIIO,
792 1213 947 1252 anno
1008 1198 1217 1253 Christi

429 1268 941 1339 septingentesimo
991 1269 1217 1324 decimo

431 1346 657 1409 quarte,
722 1339 967 1394 mirabili
1041 1340 1218 1394 totius

431 1410 564 1465 cleri
592 1417 651 1464 et
678 1410 871 1481 populi
904 1411 1217 1466 concordia

430 1481 507 1537 ad
567 1483 891 1552 supremum
945 1483 1217 1538 Ecclesiae

430 1552 734 1608 catholicae
816 1554 1217 1641 pontificatum

430 1623 663 1679 evectus
688 1631 790 1679 est.
827 1625 935 1679 Hie
963 1642 997 1680 a
1029 1624 1219 1695 pueri-

429 1695 513 1749 tia
539 1695 735 1750 divino
761 1695 934 1750 cultui
956 1696 1220 1751 addictus

431 1766 487 1820 in
537 1767 909 1821 Lateranensi
975 1767 1217 1837 patriar-

431 1835 562 1891 chio
587 1838 692 1892 sub
711 1837 866 1893 beati
886 1839 1029 1909 Serg
1032 1855 1068 1893 11
1086 1838 1219 1893 ocu

437 1910 521 1975 lis,
550 1917 607 1964 et
640 1910 942 1992 disciplina
968 1858 1213 1975 vgixerat‚

433 1952 781 2035 Su'bdiaconi
809 1980 1073 2050 primum,
1093 1990 1216 2036 tum

435 2051 729 2106 Sacellarii
794 2054 1027 2107 munere
1093 2052 1220 2107 fun-

434 2129 576 2176 ctus,
646 2124 783 2176 Mox
851 2123 1218 2178 bibliothecae

436 2210 572 2248 cura
607 2193 684 2247 illi
730 2194 965 2262 credita,
993 2195 1070 2250 ad
1097 2195 1220 2249 dia-

434 2263 676 2319 conatus
693 2266 931 2320 tandem
957 2265 1219 2320 ordinem

436 2335 750 2405 promotuS,
782 2336 836 2390 in
877 2336 1099 2405 regiam
1133 2353 1221 2391 ur-

435 2407 585 2471 bem,
617 2424 732 2461 una
770 2423 900 2462 cum
940 2408 1220 2462 sanctissi-

436 2494 531 2532 mo
607 2479 767 2548 Papa
839 2478 1221 2534 Constantino

435 2549 729 2618 profectus
765 2556 866 2604 est.
902 2549 985 2603 Ibi
1018 2551 1093 2605 ab
1119 2550 1223 2604 im·

437 2620 702 2706 peratore
777 2622 849 2674 de
937 2621 1224 2676 nonnullis

334 2747 336 2749 .
436 2690 744 2777 capitibus
819 2691 1217 2762 interrogatus

433 2779 562 2817 cum
591 2778 882 2818 sacrarum
902 2763 1221 2819 litterarum

436 2832 805 2919 peritissimus
829 2842 993 2899 esset,
1014 2842 1073 2890 et
1089 2839 1222 2890 con‘-

434 2903 813 2960 stantissimus
829 2921 1016 2961 rerum
1044 2908 1224 2961 eccle-

432 2974 790 3030 siasticarum
937 2977 1221 3047 defensor,

433 3046 673 3117 optima,
715 3054 773 3102 et
812 3048 1098 3103 catholica
1139 3065 1222 3103 re-

433 3119 738 3225 sponsione
779 3118 1019 3189 principi
1057 3120 1220 3175 satis-

434 3189 585 3244 fe'cit.

469 3259 551 3317 ᾖ.
588 3262 808 3316 Inveni.

1508 481 1720 542 :stettin
1745 490 1802 538 b

1366 557 1451 621 [ri
1481 553 1620 608 Rbis
1657 553 1874 608 moenia
1919 569 2061 608 con-

1276 597 1466 739 fi·
1501 630 1626 750 33„

1269 769 1463 838 aliqua
1495 784 1575 822 ex
1620 776 1784 836 parte
1825 767 2060 838 repara-

1273 841 1370 895 vit.
1461 839 1702 921 Aliquot
1786 839 2060 894 basilicas

1270 913 1588 980 temporum
1661 909 1869 980 injuria
1939 912 2060 965 col·

1268 982 1460 1053 lapsas
1501 981 1761 1037 restituit.
1814 981 2061 1036 Urbana

1271 1052 1621 1108 monasteria
1652 1052 1770 1108 fere
1810 1052 2063 1117 deserta,

1270 1134 1328 1180 et
1390 1123 1705 1179 monachos
1764 1125 1821 1179 in
1874 1124 2065 1194 pristi-

1272 1212 1402 1251 nam
1431 1197 1676 1251 formam
1715 1203 1772 1250 et
1807 1195 2064 1266 discipli-

1271 1284 1406 1323 nam
1458 1266 1697 1337 rede'git.
1754 1268 1880 1321 Iino
1930 1274 2065 1337 post

1273 1346 1508 1393 mortem
1533 1338 1811 1393 Honestae
1839 1338 2065 1403 matriS,

1271 1410 1576 1481 paternam
1603 1409 1838 1465 domum
1867 1408 1924 1463 in
1969 1426 2066 1464 ec-

1271 1482 1522 1546 clesiam,
1553 1487 1612 1534 et
1650 1481 2060 1535 monasterium

1272 1551 1668 1621 commutavit,
1712 1551 1887 1637 quod
1915 1553 2068 1606 mul-

1272 1624 1345 1678 tis
1416 1622 1648 1694 praediis
1719 1621 2061 1677 instructum

1272 1695 1513 1781 reliquit.
1551 1693 1965 1750 Corbinianum
2003 1704 2069 1748 et

1276 1765 1650 1821 Bonifatium
1655 1766 1806 1821 viros
1831 1766 2069 1836 aposto-

1272 1837 1382 1891 lico
1445 1837 1645 1908 spiritu
1709 1837 1929 1908 plenOS‚
2004 1837 2064 1890 in

1273 1908 1645 1964 Germaniam
1729 1909 1900 1974 misit,
1985 1910 2066 1964 ad

1274 1980 1726 2050 praedicandum
1743 1952 2069 2036 Gentilibus

1273 2051 1481 2108 Christi
1510 2051 1915 2134 Evangelium,
1940 2052 2069 2106 eos-

1273 2139 1385 2192 que
1447 2124 1623 2178 sacris
1696 2121 2070 2208 episcopatus

1274 2194 1467 2249 infulis
1526 2192 1844 2259 decoravit,
1911 2204 2070 2264 post-

1274 2281 1449 2334 quam
1487 2264 1845 2320 innumeram
1882 2282 2068 2337 paga-

1277 2337 1477 2391 norum
1520 2336 1948 2392 multitudinem
1990 2339 2070 2392 ab

1276 2408 1342 2462 iis
1369 2408 1445 2462 ad
1469 2408 1678 2462 Christi
1714 2407 1888 2463 fidem
1930 2424 2069 2463 con-

1276 2479 1502 2534 versam
1533 2478 1702 2534 fuisse
1730 2479 2063 2549 accepisset.

1277 2552 1358 2605 Ut
1396 2567 1595 2605 omnes
1632 2550 1835 2620 optimi
1874 2552 2069 2621 pasto-

1278 2622 1352 2676 ris
1379 2629 1571 2691 partes
1597 2621 1883 2691 impleret,
1916 2622 2069 2692 opti-

1279 2692 1384 2747 mis
1446 2693 1665 2762 legibus
1725 2692 2067 2749 ecclesiasti-

1276 655 1278 683 l

1278 2781 1406 2819 eam
1425 2763 1805 2833 disciplinam,
1827 2772 1884 2819 et
1905 2765 2070 2820 Chri-

1277 2836 1594 2891 stianorum
1634 2851 1824 2891 mores
1861 2835 2069 2891 instru-

1275 2907 1375 2961 xit.
1420 2907 1724 2962 Geminam
1777 2909 2066 2993 synodum

1278 2980 1486 3033 Romae
1546 2978 1764 3043 habuit,
1818 2978 2067 3035 alteram

1276 3049 1550 3105 adversus
1612 3049 1811 3105 illicita
1870 3051 2066 3120 conju-

1274 3122 1391 3191 gia,
1468 3120 1711 3176 alteram
1788 3121 2067 3177 adversus

1277 3192 1681 3248 lconoclastaS.

1310 3261 1391 3320 22.
1430 3264 1613 3319 Posui.
