2250 3810
451 345 520 381 10

443 476 585 524 erat.
615 470 760 522 Haec
782 483 919 521 vero
941 473 1155 529 nostra,
1170 473 1229 519 et

443 539 786 596 Sanctdrum
877 537 1229 592 cohaerentia

444 620 548 676 est,
563 619 625 666 ut
641 627 744 665 nos
764 609 1231 679 congratulemur

444 683 543 748 eis,
559 682 666 752 ipsi
684 679 1110 750 compatiantur
1132 695 1231 733 no-

444 755 532 809 bis
567 773 579 808 ε
607 769 710 806 nos
735 751 953 807 dev6ta
991 750 1231 804 medita-

356 856 363 862 ·
445 825 603 880 ti6ne
625 823 930 894 regne'mus
951 823 1005 875 in
1025 822 1123 887 eis,
1151 821 1231 890 ip-

445 899 487 952 si
519 897 697 960 nobis,
722 902 780 949 et
805 909 909 964 pro
938 893 1100 947 nobis
1129 893 1230 946 mi-

445 968 610 1022 litent
635 967 730 1037 pia
755 964 1194 1020 interventic'me.

481 1039 564 1093 Ἑλ.
601 1040 641 1092 F
646 1037 759 1092 ssiae
785 1036 1117 1106 Jert'isalem.

547 1115 612 1165 In
639 1113 747 1162 111.
779 1111 1082 1162 Nocturno.

481 1179 554 1235 X).
589 1179 733 1234 Cum
760 1177 1014 1231 Christus
1057 1190 1232 1244 appa-

447 1249 749 1306 rt'ieritvita
759 1255 966 1312 vestra,
988 1245 1230 1300 allelt'iia.

447 1323 530 1378 R.
558 1323 720 1375 Tunc
754 1327 812 1373 et
849 1334 953 1372 vos
992 1317 1233 1387 appare-

447 1394 578 1449 bitis
603 1407 732 1446 cum
761 1392 885 1459 ipso
925 1389 980 1443 in
1019 1388 1229 1459 gloria,

449 1463 694 1520 allelt'iia.

451 1534 644 1590 Le'ctio
694 1531 876 1586 sancti
930 1529 1232 1600 Evangelii

483 1604 796 1662 seei'indum
825 1603 1189 1657 Matthaeuni.

1009 1675 1139 1742 Cap.
1173 1691 1225 1726 v.

1009 1759 1159 1814 1pore

1015 1831 1078 1868 us
1116 1822 1234 1868 tur-

1009 1887 1124 1941 ndit
1174 1885 1231 1939 in

1009 1956 1234 2012 §edisset

1015 2044 1110 2083 um
1153 2028 1232 2082 di-

1009 2100 1183 2168 fiqua.

1009 2171 1057 2225 :ti
1103 2172 1235 2224 Ber-

1009 2242 1067 2296 is.

1011 2313 1230 2378 bivine,

1009 2383 1235 2439 aecessit

1009 2454 1233 2509 ubseci'i-

1009 2544 1101 2580 am
1122 2528 1233 2581 cul-

450 2614 544 2667 pae
606 2598 910 2653 medicina.
982 2598 1233 2651 Primum

450 2668 752 2739 peccatum
798 2677 883 2723 est
921 2669 1138 2723 factum
1178 2669 1235 2722 in

452 2741 618 2795 Coelo
629 2756 732 2809 per
747 2740 1070 2809 superbiam
1089 2756 1234 2809 prae-

450 2811 790 2865 varicatbris
815 2811 1043 2881 Augen,
1061 2811 1156 2880 qui
1180 2811 1234 2864 in

451 2898 510 2935 se
538 2882 660 2950 ipso
688 2882 916 2949 tt'imuit,
944 2890 1001 2935 et
1026 2883 1096 2936 de
1120 2898 1237 2937 sor-

453 2961 510 3007 te
561 2954 866 3008 beatdrum
919 2953 1234 3023 Spirituum

451 3024 682 3094 ejectuS,
695 3025 984 3079 Coelbrum
997 3040 1239 3094 regnum

451 3095 658 3150 amisit.
705 3096 923 3150 Contra
960 3097 1070 3149 hoc
1110 3103 1238 3165 pec-

885 340 1040 380 DOM.
1080 340 1141 378 11.
1180 337 1330 378 POST
1361 335 1610 376 PAScHA.
1672 367 1674 369 .

1284 463 1532 534 ipsdrum
1562 469 1647 516 est
1686 477 1931 531 regnum
1955 476 2078 514 coe-

1284 536 1487 590 lbi-um.
1521 532 1848 588 Secfindum
1871 531 2079 601 pecca-

1284 615 1403 660 tum
1433 604 1799 660 commissum
1849 610 1935 656 est
1976 619 2080 672 per

1285 676 1733 732 inobedientiam
1751 674 2002 728 mulieris
2020 674 2075 727 in

1286 747 1573 819 paradiso,
1607 749 1691 800 Ex
1720 747 1829 799 hoc
1871 744 2077 814 pecca-

1285 829 1345 875 to
1374 820 1531 874 facta
1558 825 1644 872 est
1668 833 1805 870 caro
1849 816 2078 870 rebellis

1286 890 1505 960 spiritui
1534 910 1547 944 ;
1575 897 1635 944 ut
1662 887 1937 957 qudniam
1965 888 2076 957 spi-

1286 964 1425 1016 ritus
1457 961 1580 1030 ejus
1618 976 1731 1014 non
1758 959 1867 1012 fuit
1892 959 2075 1028 subje-

1286 1043 1409 1087 ctus
1458 1031 1737 1100 Creato'ri,
1784 1046 1886 1083 nec
1938 1045 2073 1084 caro

1287 1105 1359 1158 sit
1385 1103 1643 1174 subjecta
1669 1101 1907 1171 spiritui.
1926 1101 2076 1155 Con-

1288 1183 1375 1230 tra
1403 1176 1511 1229 hoc
1544 1183 1630 1228 est
1656 1173 1874 1228 dictum
1901 1192 1913 1226 ε
1941 1171 2074 1226 bea-

1290 1247 1526 1311 tinnites,
1542 1244 1819 1314 quc'miam
1831 1243 1938 1313 ipsi
1950 1259 2076 1313 pos-

1289 1318 1556 1372 sidebunt
1581 1324 1816 1370 terram.
1851 1316 2076 1368 Horum

1288 1387 1529 1443 dudrum
1542 1385 2080 1457 peccatbrumcom-

1289 1459 1593 1529 prehendit
1638 1457 1920 1511 Do'minus
1959 1473 2078 1511 me·

1288 1530 1558 1595 dicinam‚
1609 1529 1804 1583 dicens
1838 1528 2080 1582 :discite

1289 1618 1322 1655 a
1352 1618 1459 1668 me,
1487 1601 1624 1670 quia
1652 1599 1803 1654 mitis
1842 1616 1989 1663 sum,
2022 1608 2082 1653 et

1291 1672 1520 1726 hfimilis
1569 1672 1759 1726 corde.
1817 1669 2080 1725 Te'rtium

1221 1763 1233 1796 ε
1289 1743 1590 1812 peccatum
1618 1742 1744 1807 fuit,
1770 1742 1927 1811 quod
1955 1742 2085 1811 ipsa

1290 1815 1492 1869 mt'ilier
1517 1814 1701 1868 virum
1740 1829 1969 1883 quoque
1995 1829 2083 1867 se-

1288 1903 1419 1942 cum
1480 1885 1659 1941 traxit
1708 1885 1765 1939 in
1818 1885 2076 1955 culpam.

1289 1958 1504 2012 Debuit
1531 1958 1766 2026 quidem
1807 1957 1905 2010 illa
1946 1973 2084 2027 pec-

1289 2030 1484 2083 catum
1505 2045 1669 2083 suum
1707 2028 1939 2091 deflere,
1972 2045 2084 2083 nec

1291 2100 1503 2155 addere
1530 2097 1834 2169 peccatum
1874 2099 2075 2169 pecca-

1291 2180 1370 2237 ιο,
1401 2172 1502 2225 sed
1528 2172 1584 2224 in
1613 2172 1720 2225 hoc
1764 2186 1823 2224 se
1851 2170 2085 2239 putavit

1290 2242 1504 2297 habere
1530 2242 2010 2307 consolatibnem‚
2035 2243 2083 2297 si

1290 2314 1474 2367 virum
1506 2312 1723 2367 faceret
1749 2312 1975 2382 peccati
1996 2315 2085 2367 sui

1290 2384 1628 2455 participem
1656 2404 1667 2437 :
1696 2384 2083 2453 quodammo-

1294 2457 1369 2510 do
1439 2456 1591 2509 enim
1664 2454 1930 2510 naturale
1995 2465 2084 2511 est

1291 2527 1755 2595 unumquemque
1783 2527 1933 2581 velle
1960 2528 2083 2582 sive

1292 2600 1347 2652 in
1370 2598 1540 2663 vitiis,
1564 2599 1681 2652 sive
1702 2598 1757 2652 in
1775 2598 2085 2653 virtt‘ltibus

1291 2670 1393 2724 sibi
1421 2668 1702 2723 associare
1730 2669 2079 2734 consdrtem,

1292 2742 1509 2796 Contra
1535 2742 1644 2794 hoc
1670 2739 1975 2810 peccatum
1997 2749 2083 2795 est

1293 2812 1444 2866 istud
1482 2811 1797 2866 remedium
1851 2832 1864 2866 ε
1902 2811 2078 2876 beati,

1293 2883 1390 2953 qui
1416 2884 1637 2953 lugent,
1670 2882 1950 2952 qudniam
1978 2884 2081 2953 ipsi

1294 2954 1756 3009 consolabantur.

1335 3027 1414 3080 R.
1450 3027 1576 3096 Ego
1604 3042 1725 3080 sum
1754 3024 1886 3079 vitis
1926 3041 2083 3088 vera,

1296 3106 1354 3151 et
1395 3114 1499 3151 vos
1537 3097 1803 3167 palmites
1850 3116 1863 3150 ε
1900 3097 1936 3132 ³¹·
1974 3096 2083 3166 Qui

452 3166 646 3221 catum
673 3168 890 3221 dictum
928 3174 1011 3221 est
1046 3186 1059 3220 ε
1084 3167 1240 3222 beati
1300 3169 1566 3222 manetin
1586 3185 1695 3233 me,
1712 3175 1771 3222 et
1790 3184 1904 3236 ego
1927 3168 1983 3221 in
1998 3184 2085 3233 eo,

451 3237 1240 3308 pauperesspiritu,qu6niam
1301 3240 1389 3294 hic
1416 3240 1527 3294 fert
1550 3240 1796 3294 fructum
1821 3240 2082 3300 multum,
