2250 3810
512 343 623 383 DIE
648 348 682 399 9
710 343 855 385 AUG.
889 361 957 369 —
985 343 1030 385 S.
1067 343 1247 385 XYSTl
1281 344 1345 383 11.

1709 345 1771 399 31

162 466 299 516 muS‚
326 467 452 533 cum
475 453 596 534 ejus
615 452 933 522 appetitum
1027 452 1106 507 R.
1141 453 1249 508 Hic
1275 461 1360 507 est
1375 468 1509 535 vere
1531 455 1773 536 Martyr,

160 521 495 593 frangimus
527 539 648 592 ejus
673 523 935 592 volupta-
990 540 1086 592 qui
1140 540 1242 593 pro
1288 524 1494 579 Christi
1548 525 1779 579 nomine

161 593 306 647 tibus
368 595 730 649 reluctamur.

789 596 934 665 Quae
989 595 1329 665 sanguinem
1365 611 1526 649 suum
1572 596 1720 649 fudit
1767 615 1779 650 :

160 679 296 734 ergo
334 665 666 735 contempta
705 667 780 720 ad
820 666 932 720 me·
988 668 1023 700 ί·
1084 666 1196 736 Qui
1272 667 1455 721 minas
1520 659 1778 736 judicum

156 734 261 789 lius
309 736 552 800 ducitur,
608 737 769 805 quasi
834 752 936 806 per
991 753 1103 791 non
1138 736 1339 806 timuit,
1388 754 1492 791 nec
1532 738 1778 793 terrenae

157 805 350 860 odium
378 806 621 861 ametur.

988 807 1286 877 dignitatis
1304 808 1551 878 gloriam
1572 808 1776 878 quaesi-

190 875 269 933 R.
302 878 531 933 Corona
560 876 733 932 {lutea
765 894 936 947 super
989 878 1087 943 vit,
1134 879 1234 933 sed
1276 880 1350 934 ad
1390 880 1646 934 coelestia
1692 895 1775 934 re-

156 956 330 1018 eaput
381 949 538 1018 ejus:
577 953 610 982 *
653 949 933 1019 Expressa
986 966 1105 1020 gna
1134 951 1411 1019 pervenit.
1445 950 1518 1005 Χ).
1549 953 1774 1022 Justum

153 1018 316 1090 signo
366 1020 709 1090 sanctitatis
747 1020 934 1091 gloria
992 1021 1225 1075 deduxit
1242 1021 1638 1092 Dominusper
1655 1022 1777 1077 vias

152 1090 400 1157 honoriS‚
427 1098 485 1146 et
528 1107 670 1160 opus
706 1091 931 1145 fortitu·
990 1098 1187 1160 rectem,
1223 1100 1281 1146 et
1303 1093 1553 1147 ostendit
1592 1093 1666 1147 illi
1694 1108 1775 1146 re·

150 1160 311 1215 dinis.
359 1162 431 1217 X).

464 1162 752 1232 Quoniam
792 1179 933 1232 prae-
986 1178 1167 1231 gnum
1196 1164 1318 1218 Dei.
1351 1195 1409 1202 —
1437 1164 1549 1233 Qui
1577 1164 1774 1219 minas,

150 1233 574 1288 venistieumin
588 1233 937 1289 benedictio·
990 1234 1181 1288 Gloria
1211 1234 1381 1289 Patri.
1416 1236 1526 1304 Qui
1556 1235 1753 1289 minas,

150 1303 311 1357 nibus
338 1303 670 1369 dulcedinis
703 1304 935 1375 posuisti

1025 1307 1210 1358 Lec‘lio
1225 1309 1304 1360 ix.
1332 1308 1380 1359 V
1375 1310 1431 1376 ξς
1438 1309 1569 1373 iliae,
1596 1310 1695 1359 sed
1709 1309 1772 1360 in

152 1373 207 1427 in
217 1374 283 1429 cei
292 1377 408 1444 pite
432 1376 482 1444 ej
492 1392 553 1429 us
571 1376 846 1430 coronam
862 1377 933 1430 de
976 1381 1224 1446 propria
1261 1379 1488 1431 ecclesia
1513 1380 1729 1432 dicitur
1759 1396 1773 1431 z

149 1443 341 1515 lapide
384 1446 652 1516 pretioso,
706 1480 773 1487 —
826 1448 931 1500 Ex·

149 1516 354 1584 pressa.

365 1590 571 1646 Iitttin
597 1593 718 1645 niti.

252 1660 325 1715 IC
368 1661 635 1715 nimirum
667 1660 933 1715 exhibere

275 1732 440 1787 uxori
462 1741 518 1787 et
541 1732 813 1801 proximis
834 1747 933 1785 no-

128 1801 272 1865 stris
335 1803 454 1857 odii
531 1802 932 1857 discretionem

142 1871 442 1939 debemus
476 1882 538 1929 ut
575 1874 630 1928 in
661 1873 740 1928 eis
767 1880 825 1928 et
851 1873 932 1928 di-

142 1943 406 2014 ligemus
460 1946 616 2014 quod
669 1955 818 2009 sunt,
875 1954 932 1999 et

142 2014 463 2071 habeamus
500 2017 652 2081 odio,
685 2017 840 2086 quod
874 2017 928 2070 in

142 2087 246 2141 Dei
302 2088 470 2142 nobis
522 2087 722 2142 itinere
785 2088 931 2142 obsi-

138 2165 306 2213 stunt.
338 2161 511 2214 Certe
550 2160 686 2213 dum
726 2160 931 2213 Paulus

135 2228 566 2302 jerosolymam
642 2231 925 2300 pergeret,

137 2301 426 2370 propheta
457 2302 698 2370 Agabus
723 2317 928 2354 zonam

137 2371 286 2426 illius
337 2372 741 2442 apprehendit,
795 2372 930 2425 suis-

136 2457 247 2511 que
275 2444 521 2513 pedibus
548 2442 810 2511 alligavit
849 2443 929 2496 di-

137 2529 272 2567 cens
309 2535 323 2570 :
363 2515 572 2578 virum,
610 2513 769 2583 cujus
801 2513 928 2569 haec

135 2600 285 2639 zona
337 2595 442 2651 est,
488 2586 565 2639 sic
608 2584 928 2655 alligzibunt

131 2656 322 2736 Judaei
360 2657 417 2710 in
446 2656 781 2727 Jerusalem.
816 2657 927 2710 Sed

133 2743 196 2791 is,
218 2728 317 2797 qui
343 2727 602 2782 animam
623 2743 785 2780 suam
805 2743 926 2796 per·

130 2797 283 2854 fecte
326 2799 553 2862 oderat,
598 2798 735 2867 quid
780 2798 923 2853 dice-

130 2870 265 2924 bat?
296 2871 429 2940 Ego
458 2885 573 2923 non
600 2871 785 2924 solum
807 2868 928 2923 alli-

129 2941 280 3011 gari,
304 2942 408 2996 sed
436 2947 496 2994 et
522 2941 663 2995 mori
693 2940 748 2994 in
767 2938 928 3010 Jeru-

128 3014 315 3067 salem
363 3011 603 3080 parz'itus
647 3027 789 3078 sum,
826 3027 929 3081 pro

132 3084 374 3139 nomine
403 3083 634 3136 Domini
653 3083 928 3153 Jesu‚nec

131 3156 291 3210 facio
313 3153 572 3209 {mimam
596 3170 783 3209 meam
806 3169 929 3222 pre-

128 3227 436 3283 tiosiorem
463 3241 637 3294 quam
665 3241 767 3280 me.

1093 1447 1774 1516 CoequomodoamAndo

1118 1516 1373 1573 &nimam
1430 1534 1594 1572 suam
1637 1518 1773 1573 ode-

988 1595 1095 1657 rat,
1123 1588 1239 1644 imo
1278 1589 1477 1644 odiens
1511 1589 1766 1654 amabat,

987 1675 1165 1728 quam
1206 1660 1470 1730 cupiebat
1506 1676 1609 1729 pro
1633 1662 1766 1731 Jesu

989 1731 1220 1784 nomine
1250 1731 1416 1784 morti
1438 1731 1684 1795 tradere,
1711 1738 1773 1785 ut

987 1802 1138 1855 hanc
1160 1802 1235 1856 ad
1265 1802 1445 1856 vitam
1472 1803 1543 1858 de
1571 1801 1769 1871 pecca-

988 1872 1031 1927 ti
1078 1882 1261 1927 morte
1312 1872 1626 1928 suscitaret.
1680 1874 1771 1928 Ab

990 1945 1097 1998 hac
1124 1961 1265 2014 ergo
1286 1945 1627 2000 discretione
1655 1945 1771 1999 odii

988 2016 1164 2069 nostri
1192 2015 1487 2070 trahemus
1523 2017 1770 2070 formam

987 2087 1061 2141 ad
1089 2087 1285 2142 o'dium
1314 2087 1574 2156 proximi.
1599 2088 1770 2142 Amc-

986 2165 1077 2211 tur
1088 2158 1327 2226 quilibet
1347 2158 1404 2213 in
1425 2160 1534 2213 hoc
1555 2159 1770 2214 mundo

986 2228 1367 2294 adversarius
1423 2231 1523 2284 sed
1575 2230 1630 2283 in
1676 2230 1768 2284 via

987 2300 1095 2352 Dei
1121 2298 1440 2354 contrzirius
1473 2316 1587 2354 non
1616 2301 1770 2354 ame·

987 2377 1094 2434 tur,
1168 2371 1343 2424 etiam
1395 2371 1761 2440 propinquus,

987 2441 1253 2510 Quisquis
1280 2441 1432 2496 enim
1454 2442 1576 2510 jam
1603 2442 1771 2495 aeter-

988 2529 1061 2567 na
1125 2512 1498 2582 concupiscit,
1555 2513 1612 2565 in
1676 2528 1761 2582 ea,

983 2599 1159 2651 quam
1197 2584 1552 2654 aggreditur,
1595 2599 1770 2639 causa

987 2655 1111 2719 Dei,
1146 2663 1306 2709 extra
1336 2663 1581 2725 patrem,
1605 2663 1769 2710 extra

985 2733 1249 2790 matrem,
1300 2734 1463 2781 extra
1507 2725 1763 2791 uxorem,

984 2804 1148 2851 extra
1175 2797 1342 2865 filios,
1363 2806 1526 2852 extra
1555 2797 1769 2866 cognei-

983 2875 1088 2935 toS‚
1164 2874 1328 2922 extra
1400 2868 1768 2937 semetipsum

985 2938 1110 2992 fieri
1151 2939 1339 3004 debet,
1374 2946 1434 2993 ut
1472 2956 1542 2994 eo
1579 2939 1769 2993 verius

985 3010 1303 3080 cognoscat
1329 3011 1536 3075 Deum,
1568 3026 1683 3078 quo
1710 3011 1765 3064 in

986 3081 1107 3149 ejus
1142 3097 1317 3136 causa
1355 3082 1644 3136 neminem
1684 3097 1766 3134 re·

985 3152 1296 3221 cognoscit.

1022 3224 1102 3276 Te
1135 3225 1320 3278 Deum
1347 3224 1664 3279 laudamus,
