2250 3810
268 350 364 390 DIE
397 353 459 410 15
496 353 666 392 FEBR.
703 369 784 377 --
814 351 891 392 SS.
928 351 1220 393 FAUSTINI
1254 352 1331 391 ET
1358 351 1612 402 JOVITAE.
1666 353 1738 407 23

162 476 294 522 ctum
341 470 465 540 igne
509 474 805 542 plumbum
850 471 904 525 in

161 539 331 607 eorum
377 559 474 597 ora
524 543 848 599 infunditur
893 562 904 596 :

159 612 243 665 sed
261 611 444 668 divina
465 614 671 669 virtute
694 613 907 668 incolu-

159 698 260 736 mes
323 685 629 742 servantur.
701 685 907 739 Iisdem

110 793 113 827 ἑ
157 753 334 821 postea
391 755 535 810 oculi
597 755 906 822 eruuntur3

110 855 113 916 ᾗ
155 825 240 878 sed
261 826 383 895 Jesu
406 828 611 882 Christi
649 826 910 898 benigni-

155 895 259 948 tate
305 899 555 966 sequenti
608 899 700 953 die
751 898 910 953 resti-

155 966 376 1022 tuuntur.
409 969 671 1025 Plorimis
696 970 911 1039 postre-

153 1054 234 1091 mo
253 1039 367 1093 aliis
386 1049 440 1095 et
457 1041 911 1111 exquisitissimis

153 1111 418 1166 tormentis
491 1113 636 1168 fides
714 1113 912 1166 eorum

105 1201 108 1246 ι
152 1180 365 1250 tentata,
421 1190 726 1253 tamquam
777 1185 911 1254 igne

104 1247 107 1299 !
152 1267 349 1318 aurum,
364 1254 419 1308 in
431 1255 778 1310 cruciatibus
794 1272 907 1309 ma—

104 1357 105 1380 1
150 1322 654 1389 gisenituit.Postea
667 1328 914 1381 Romam

152 1393 284 1448 missi
299 1397 368 1450 ab
389 1397 658 1452 Evaristo
689 1397 912 1452 Pontifi-

150 1479 204 1517 ce
221 1467 549 1533 confirmati,
581 1469 661 1523 ibi
686 1485 914 1538 quoque

102 1503 106 1633 ι
149 1537 509 1594 crudelissime
555 1540 911 1609 torquentur.

102 1625 131 1662 s·
151 1606 385 1686 Denique
407 1611 671 1681 perducti
691 1610 916 1680 Neapo-

151 1678 252 1757 ¹¹.“¹’
273 1681 326 1734 in
353 1698 421 1736 ea
448 1683 632 1736 etiam
659 1682 794 1736 urbe
816 1681 916 1736 va-

102 1752 105 1785 ῑ
154 1763 219 1802 ne
259 1752 509 1818 cruciati,
542 1753 752 1807 vinctis
795 1752 914 1807 ma-

153 1821 298 1876 nibus
322 1824 696 1893 pedibusque,
718 1825 771 1878 in
796 1841 917 1878 ma-

100 1895 103 1954 i
149 1907 200 1945 re
265 1894 694 1967 demerguntur,
766 1896 915 1951 unde

150 1980 237 2033 per
276 1969 529 2037 Angelos
581 1967 919 2021 mirabiliter

149 2036 308 2105 erepti
345 2047 493 2094 sunt.
541 2039 737 2108 Quare
776 2040 914 2100 mul-

98 2162 102 2190 Ι
151 2115 242 2170 tOS‚
270 2117 326 2162 et
361 2108 694 2165 constantia
720 2110 776 2164 in
805 2118 918 2164 tor-

98 2216 100 2237 .
150 2178 350 2258 mentiS,
396 2190 455 2236 et
506 2181 914 2235 miraculorum

99 2307 101 2316 Ι
148 2249 336 2306 virtute
379 2253 456 2307 ad
495 2252 709 2309 Christi
746 2252 917 2307 fidem

98 2339 101 2355 ·
148 2324 551 2380 converterunt.
627 2324 919 2378 Postremo

97 2377 100 2465 ἢ
150 2393 348 2448 reducti
411 2395 691 2463 Brixiam,
760 2394 920 2448 initio

98 2469 100 2494 ³
149 2465 373 2536 suscepti
413 2468 489 2522 ab
517 2464 782 2521 Adriano
820 2466 922 2520 im-

149 2533 292 2603 perii,
311 2538 494 2593 securi
523 2536 772 2609 percussi
800 2536 920 2591 illu-

148 2613 300 2661 strem
330 2608 604 2682 Martyrii
644 2607 917 2662 coronam

148 2680 493 2748 acceperunt.

180 2745 248 2804 232.
285 2752 548 2807 Verbera
587 2749 920 2804 carnificum

147 2834 249 2874 non
264 2822 585 2877 timuerunt
599 2820 783 2875 sancti
795 2820 919 2889 Dei,

149 2892 438 2949 morientes
465 2910 574 2964 pro
593 2892 801 2948 Christi
824 2892 922 2946 no-

148 2963 283 3018 mine
295 2968 350 3018 z*
363 2967 445 3021 Ut
461 2964 707 3020 heredes
716 2962 923 3017 fierent

146 3031 198 3085 in
222 3035 388 3091 domo
411 3034 669 3091 Domini.
692 3033 763 3089 ἜὈ.
784 3036 922 3089 Tra-

147 3102 330 3161 dideru
337 3117 398 3163 nt
409 3108 661 3178 corpora
673 3122 777 3160 sua
795 3122 922 3174 pro-

148 3180 473 3303 ptebPeum
515 3179 591 3234 ad
618 3176 914 3248 supplicia.

935 1383 950 3303 -——--———.—-—-——-———————-———-————-——————-

1414 477 1492 535 ni.

1400 544 1741 598 Sanctorum

1400 615 1577 669 inium
1625 615 1744 668 Bri-

1405 686 1610 740 civitas
1648 702 1744 740 ex-

958 754 1120 824 perta
1148 757 1466 826 praesertim
1495 765 1597 821 est,
1629 774 1743 827 quo

956 826 1216 895 tempore
1280 827 1544 883 eamdem
1621 828 1746 883 dira

959 897 1255 954 obsidione
1273 899 1558 968 premeret
1580 899 1746 953 Nico-

958 969 1084 1023 laus
1115 969 1420 1033 PicininuS,
1452 970 1748 1040 supremus

959 1040 1481 1096 Mediolanensium
1555 1040 1749 1110 copia-

958 1127 1085 1165 rum
1112 1113 1440 1182 imperator.
1455 1111 1749 1181 Siquidem

952 1199 1095 1246 eam
1125 1185 1321 1238 urbem
1362 1185 1435 1238 ab
1461 1183 1652 1238 hostili
1693 1184 1751 1238 vi

961 1254 1197 1323 repente
1225 1254 1525 1310 liberatam
1552 1255 1744 1319 fuisse,

964 1334 1271 1395 postquam
1298 1327 1640 1381 sanctissimi
1670 1327 1747 1380 illi

966 1397 1201 1452 Patroni
1238 1414 1359 1453 sese
1398 1397 1748 1467 conspicien-

963 1469 1068 1523 dos
1105 1485 1276 1538 super
1312 1469 1567 1538 ejusdem
1609 1485 1751 1523 moe-

964 1540 1064 1594 nia<
1077 1539 1133 1592 in
1154 1540 1327 1594 armis
1343 1539 1529 1608 aureis
1550 1539 1752 1594 instru-

963 1610 1752 1680 ctosPicininopraebuissent,

963 1689 1120 1736 certo
1194 1681 1401 1736 certius
1472 1679 1755 1736 testantur

968 1751 1242 1807 Ludovici
1288 1752 1605 1816 Fuscareni,
1655 1754 1751 1822 qui

963 1823 1201 1878 senatus
1258 1824 1465 1878 Veneti
1519 1824 1749 1879 nomine

964 1895 1397 1966 quatuordecim
1411 1902 1633 1952 tantum
1652 1914 1753 1951 an-

965 1968 1051 2022 nis
1106 1975 1236 2036 post
1284 1968 1532 2023 solutam
1595 1968 1750 2023 illam

965 2039 1330 2104 obsidionem,
1459 2038 1750 2095 Brixianae

966 2110 1282 2181 provinciae
1328 2127 1456 2165 cum
1510 2110 1749 2179 imperio

967 2189 1233 2251 praeerat,
1265 2181 1470 2236 litterae
1497 2182 1649 2235 binae
1676 2181 1752 2236 ad

968 2254 1242 2307 Sanctum
1265 2253 1632 2307 Laurentium
1653 2253 1753 2322 Ju-

967 2323 1278 2379 stinianum
1314 2324 1437 2393 jam
1480 2322 1752 2378 Venetia-

967 2412 1092 2450 rum
1107 2394 1499 2450 patriarcham
1512 2394 1754 2449 conscri-

968 2474 1104 2537 ptae.
1141 2467 1206 2519 In
1243 2466 1307 2520 iis
1333 2465 1485 2520 enim
1512 2467 1753 2534 primum

970 2537 1237 2592 narratur
1259 2554 1376 2606 qua
1393 2538 1615 2591 ratione
1639 2538 1753 2592 Bri·

967 2608 1205 2663 xianum
1223 2608 1497 2678 populum
1524 2608 1649 2677 pius
1675 2608 1756 2661 in-

968 2680 1225 2735 cenderit
1276 2680 1437 2734 furor
1480 2680 1755 2735 adversus

970 2751 1264 2821 religiosos
1289 2752 1613 2806 Canonicos
1628 2768 1757 2806 san-

969 2822 1045 2877 cti
1089 2822 1324 2893 Georgii
1375 2822 1429 2877 in
1483 2824 1657 2893 Alga,
1701 2823 1753 2877 in

969 2893 1350 2963 suspicionem
1378 2893 1617 2949 vocatos
1654 2894 1757 2948 ini-

969 2965 1012 3020 ti
1039 2964 1259 3019 consilii
1297 2965 1367 3019 de
1394 2964 1758 3036 asportandis

973 3036 1168 3090 Brixia
1220 3035 1495 3092 Venetias
1544 3035 1758 3091 eorom-

969 3107 1101 3161 dem
1129 3108 1471 3163 Sanctorum
1511 3107 1759 3177 corpori-

969 3179 1095 3243 bus;
1125 3178 1329 3233 deinde
1367 3195 1506 3233 vero
1550 3177 1759 3232 furoris

972 3248 1120 3318 illius
1160 3266 1335 3305 causa
1378 3250 1531 3303 hisce
1570 3248 1759 3303 verbis
