2250 3810
457 339 569 379 DIE
600 341 662 395 17
690 338 824 379 OCT.
854 355 920 363 —-
948 338 992 379 S.
1025 336 1383 379 FLORENTII.

118 447 392 503 memoria
426 446 707 500 recdlitur.
748 446 893 501 Cum

122 534 254 573 vero
313 516 565 587 Joannes
636 516 896 586 Baptista

118 590 355 645 antistes
390 587 687 642 basilicam
714 588 895 641 sancti

117 660 393 714 Antonini
433 659 716 726 inviseret,
744 675 896 713 anno

120 729 896 800 millesimooctingente'simo

116 801 507 871 octuagesimo
525 800 711 868 tertiO,
746 801 893 855 idem

117 889 321 942 corpus
382 872 484 926 rite
536 871 893 957 recognovit,

117 953 176 999 et
201 945 302 998 sub
328 959 429 997 ara
466 943 569 1012 ipsi
595 941 788 997 dicata
816 959 899 996 re-

117 1015 321 1084 posuit,
412 1021 586 1082 atque
679 1014 897 1067 cultum

116 1086 302 1141 eidem
321 1084 635 1138 exhibitum
653 1084 899 1153 antiqui·

116 1167 225 1221 ωε,
272 1165 568 1224 tamquam
615 1156 798 1224 primo
842 1162 902 1209 et

116 1227 446 1283 fidelissimo
505 1225 726 1280 custodi
778 1226 900 1280 cor-

118 1299 272 1368 poris
359 1297 543 1351 sancti
619 1296 899 1351 Antonini

117 1368 386 1453 martyris
447 1368 600 1422 urbis
649 1367 896 1437 patroni,

119 1437 482 1507 restauravit,
563 1447 620 1492 et
718 1439 892 1494 auxit.

118 1512 311 1581 Quum
341 1517 536 1564 autem
563 1510 713 1564 idem
755 1509 902 1564 anti-

118 1590 235 1636 stes
263 1596 473 1635 novam
511 1580 812 1635 ecclesiam
845 1580 900 1633 in

116 1652 450 1707 clericorum
467 1650 774 1706 seminario
790 1666 902 1705 ere·

114 1723 309 1786 xisset‚
335 1723 490 1777 illam
513 1722 685 1777 beato
706 1721 901 1777 levitae

116 1793 311 1863 Opilio
328 1793 657 1848 solemniter
676 1793 901 1848 dedica·

117 1865 221 1929 vit,
272 1872 333 1918 ut
369 1862 610 1934 juvenes
653 1862 902 1919 clericali

118 1908 342 1991 miiitiae
353 1935 656 2006 adscripti
642 1953 699 1991 m
710 1936 900 1990 exem-

114 2009 276 2078 plum
318 2014 375 2060 et
416 2007 721 2076 patronum
768 2023 901 2062 eum

115 2078 415 2143 haberent,
440 2087 497 2131 et
522 2080 626 2133 sub
652 2094 754 2133 ara
783 2094 902 2131 ma-

108 2149 225 2219 jori
289 2149 591 2203 nonnullas
644 2148 898 2219 ejusdem

115 2219 347 2275 diaconi
374 2219 641 2289 reliquias
676 2220 900 2288 religio-

112 2289 332 2345 sissime
361 2291 697 2359 composuit.

153 2359 237 2415 R.
273 2362 384 2415 Iste
411 2362 597 2417 homo,

150 2436 226 2487 ln
264 2436 353 2503 i'iy.
389 2436 704 2496 Nocturna,
726 2434 897 2487 Hom.

112 2523 179 2558 m
209 2505 440 2573 Evang.
474 2503 773 2558 Confiteor
797 2502 899 2557 tibi

116 2577 303 2629 Pater.
370 2582 437 2628 ut
494 2594 557 2629 m
622 2577 783 2628 Festo
833 2576 893 2629 S.

110 2648 418 2700 FUranascz
433 2647 488 2699 A
494 2664 616 2700 ssts.
644 2648 685 2698 J
691 2647 746 2700 V.
777 2647 894 2700 Oct.

207 2765 325 2808 DIE
363 2767 427 2810 16.
462 2765 813 2812 OCTOBRIS.

165 2825 280 2894 (I).
308 2845 415 2880 ass.
449 2844 521 2878 ex
542 2842 592 2892 9.
624 2826 814 2894 hujuS.
828 2823 858 2894 )

114 2901 247 2959 SS.
297 2901 650 2972 Dionysii
686 2898 897 2972 3Episc.

203 2982 507 3042 Rustici
559 2985 636 3038 et
680 2981 901 3038 Eleu-

200 3066 283 3123 th
298 3064 441 3122 erii
478 3059 625 3116 Mn.

316 3140 700 3208 Semiduplex.

152 3223 235 3278 Ut
272 3225 338 3275 in
363 3222 538 3273 Brev.
575 3219 667 3273 die
690 3233 741 3287 9.
775 3218 896 3287 huj.

1661 337 1730 393 27

1038 446 1156 490 DIE
1182 460 1252 503 17.
1279 445 1629 492 OCTOBRIS.

1096 510 1168 567 S.
1195 510 1566 567 Florentii

1142 588 1259 655 Ep.
1290 591 1346 639 et
1373 587 1531 657 Cons.

950 659 1131 726 Cujus
1150 659 1410 725 reliquia»
1436 675 1643 727 magno
1668 661 1730 711 in

1017 731 1226 782 honore
1243 728 1524 782 habentur
1546 732 1607 782 in
1624 730 1729 784 col-

1019 802 1232 870 legiata
1255 800 1479 853 ecclesia
1493 802 1618 869 ejus
1636 818 1733 853 no-

1021 873 1172 925 mini
1229 872 1417 923 dicata
1476 874 1734 925 civitatis·

1022 944 1080 995 F
1074 942 1386 995 lorentioloe
1394 944 1734 1010 placentina·

1021 1014 1293 1077 tamesis,
1310 1014 1409 1065 ubi
1443 1020 1526 1066 est
1561 1016 1732 1066 etiam

1010 1085 1342 1153 proecipuus
1385 1085 1495 1136 loci
1538 1089 1731 1152 patro-

1020 1171 1147 1207 nus.
1229 1154 1475 1223 Duplex.

1235 1239 1459 1297 Oratio.

1073 1327 1281 1382 Omine
1328 1328 1480 1382 Deus
1521 1338 1729 1395 noster,

1096 1398 1211 1468 qui,
1257 1398 1408 1453 beati
1462 1373 1734 1456 Florentii

952 1469 1383 1523 confessoristui
1407 1479 1582 1556 atque
1595 1487 1733 1541 pon-

952 1539 1117 1594 tificis
1194 1541 1414 1594 loriosis
1449 1540 1735 1597 miraculis

952 1619 1009 1665 et
1071 1556 1365 1681 exgmplis,
1432 1613 1734 1668 ecclesiam

950 1689 1112 1737 tuam
1156 1681 1434 1736 illustrare
1469 1683 1735 1753 dignatus

953 1769 1012 1807 es
1052 1773 1064 1807 :
1103 1753 1354 1807 concede
1400 1755 1679 1824 propitius
1721 1777 1735 1811 t

954 1831 1030 1887 ut,
1073 1824 1247 1893 ipsius
1288 1824 1488 1879 muniti
1535 1826 1735 1888 suffra·

951 1895 1076 1966 giiS,
1109 1913 1145 1951 a
1186 1902 1368 1950 morte
1403 1896 1626 1967 peccati
1646 1897 1736 1968 ju-

951 1968 1104 2037 giter
1161 1968 1489 2037 liberemur,
1541 1976 1597 2022 et
1661 1971 1736 2026 ad

951 2037 1240 2093 coelestem
1278 2039 1456 2094 vitam
1495 2038 1740 2094 feliciter

951 2110 1249 2178 pervenire
1279 2112 1616 2167 mereamur.
1630 2113 1738 2167 Per

954 2179 1287 2236 Dominum.

990 2254 1058 2305 ln
1083 2256 1138 2322 j.
1175 2256 1488 2318 Nocturna,
1519 2253 1735 2309 Lectio·

951 2341 1047 2376 nes
1096 2326 1163 2376 de
1204 2328 1510 2394 Scriptura
1548 2343 1733 2379 occur-

952 2402 1124 2448 rente.

1093 2481 1157 2531 In
1186 2481 1259 2531 11.
1293 2481 1597 2532 Nocturna

1188 2563 1390 2622 natio
1419 2572 1493 2621 m.

972 2698 983 2705 .
1170 2652 1467 2706 Lorentius
1578 2655 1733 2722 apud

959 2721 987 2766 ’ἵ
1189 2723 1565 2790 TuronenseS‚
1621 2741 1733 2779 ex-

974 2793 988 2811 “
1027 2787 1120 2851 ξῑέ
1189 2794 1361 2849 eunte
1491 2798 1733 2849 saeculo

949 2844 1172 2948 quinto,
1217 2866 1271 2918 in
1307 2864 1524 2919 Gallia
1545 2873 1730 2931 natus,

948 2933 1182 2990 eximiae
1256 2936 1344 2989 vir
1409 2935 1736 2990 sanctitatis

951 3006 1074 3059 fuit.
1107 3006 1217 3060 Hic
1257 3022 1291 3060 a
1331 3006 1516 3075 prima
1559 3005 1735 3062 aetate

951 3076 1169 3145 optime
1220 3077 1526 3142 institutus
1583 3085 1737 3146 post-

951 3163 1130 3216 quam
1168 3148 1223 3201 in
1263 3148 1599 3202 clericorum
1636 3148 1738 3202 nu-

953 3234 1174 3272 merum
1203 3219 1523 3288 adscriptus
1537 3226 1652 3284 est,
1678 3219 1735 3273 in
