2250 3810
585 349 660 390 ss.
693 348 997 391 sepumm
1029 350 1085 389 o.
1117 348 1181 389 N.
1212 349 1255 400 J.
1287 348 1337 390 c.
1389 373 1398 380 .

1690 349 1759 403 43

135 453 305 507 simul
379 462 437 507 et
499 455 922 509 resurrectionis
976 471 1190 524 aquam
1242 455 1299 509 in
1358 454 1573 520 viuum;
1629 471 1761 510 mox

138 524 370 579 erimuS.

979 541 1114 580 vero
1178 533 1236 580 et
1285 526 1402 580 alia
1451 525 1762 596 inscriptio,

171 595 255 649 R.
289 597 550 664 Angelus
586 596 818 650 Do'mini
843 598 923 651 lo-
945 579 950 634 i
976 597 1079 651 etsi
1108 612 1221 650 non
1252 596 1497 666 integra,
1520 596 1764 651 occurrit

136 666 303 721 cutus
347 675 430 720 est
471 667 797 722 mulieribus
839 669 921 722 di-

134 753 270 791 cens
291 738 507 807 :Quem
531 738 818 807 quaeritis?
832 741 920 792 An

133 809 333 878 Jesum
414 809 709 877 quaeritis?
788 810 921 879 Jam

136 879 384 934 surrexit
420 899 431 932 :
458 881 492 915 ὕ
521 879 729 934 Venite
758 891 814 935 et
840 881 921 934 vi-

135 950 268 1004 dete
369 952 577 1014 locum,
669 952 915 1005 alleluia.

136 1020 205 1076 2³2.
252 1022 453 1091 Jesum
498 1022 755 1092 quaeritis
808 1023 921 1076 Na-

136 1092 411 1145 zarenum
533 1093 871 1147 crucifixum
896 1095 922 1146 Ρ

136 1163 413 1227 Surrexit,
447 1180 560 1217 non
596 1171 683 1218 est
720 1163 826 1218 hic.
857 1195 923 1203 —-

136 1233 348 1287 Venite
376 1241 434 1288 et
462 1234 669 1289 videte.

378 1304 587 1363 Uettio
613 1309 691 1372 ιη’.

203 1376 349 1431 Nter
388 1377 627 1442 ceterOS,
656 1377 754 1447 qui
792 1393 924 1431 cum

251 1449 328 1503 ad
380 1456 645 1503 sanctum
693 1447 924 1502 Domini

135 1518 459 1587 sepulcrum
507 1518 745 1600 peregre
796 1534 918 1588 pro-

136 1588 269 1643 fecti
295 1598 449 1655 sunt,
472 1589 688 1644 itinerns
707 1589 790 1644 sui
810 1606 924 1644 me-

140 1660 349 1716 morias
379 1660 748 1730 reliquerunt,
782 1677 925 1715 unus

139 1729 244 1785 fuit
271 1748 302 1785 e
333 1730 682 1786 Placentinis
708 1730 926 1785 civibus

135 1801 465 1857 Antoninus
491 1802 746 1867 nomine;
768 1802 926 1872 cujus

140 1872 397 1929 narratio
450 1889 667 1943 magno
718 1879 803 1928 est
866 1873 924 1928 in

139 1944 319 2011 pre'tio
360 1946 518 2015 apud
556 1944 823 2000 eruditos,
873 1946 926 1999 Is

140 2017 350 2071 saeculo
377 2024 543 2070 sexto
561 2023 744 2070 totam
763 2031 925 2085 pera-

139 2086 330 2153 gravit
380 2087 633 2158 Syriam;
678 2102 922 2156 cumque

141 2156 361 2212 Canam
401 2158 769 2228 pervenisset,
810 2158 925 2226 pie-

141 2226 272 2282 tatis
298 2245 475 2285 causa
512 2245 582 2283 eo
607 2229 731 2299 ipso
758 2228 921 2283 accu-

978 667 1240 737 inquiens
1274 687 1286 721 z
1314 667 1608 721 Memento
1649 667 1765 722 Do-

978 738 1129 792 mine
1147 739 1324 808 patris
1345 744 1403 792 et
1426 738 1626 804 matris
1651 739 1762 793 mei

977 809 1271 863 Antonini.
1330 808 1514 879 Hujus
1572 809 1764 863 exem-

977 881 1132 948 plum
1173 880 1228 934 in
1268 879 1577 935 invisendis
1603 881 1764 934 Pale-

975 950 1143 1005 stinae
1165 951 1301 1005 locis
1321 950 1415 1005 alii
1433 967 1464 1004 e
1485 951 1764 1006 Placenti-

978 1021 1063 1075 nis
1088 1021 1309 1092 sequuti
1330 1029 1478 1075 sunt.
1505 1022 1762 1091 Quorum

978 1092 1155 1160 eliqui
1193 1093 1406 1146 saeculo
1446 1107 1618 1156 non0‚
1659 1094 1764 1148 sub

979 1162 1215 1217 Podone
1253 1162 1542 1231 episcop0,
1574 1162 1761 1222 basili·

977 1249 1104 1287 cam
1136 1234 1210 1288 ad
1234 1233 1544 1289 Placentiae
1572 1249 1764 1289 muros

979 1303 1321 1371 excitarunt,
1363 1304 1419 1357 in
1459 1304 1641 1374 eaque
1678 1321 1765 1359 se-

981 1375 1237 1444 pulcrum
1256 1375 1312 1428 in
1336 1375 1761 1430 similitudinem

983 1445 1473 1500 Hierosolimitimi
1508 1452 1763 1501 constru-

979 1517 1201 1571 xerunt.
1227 1518 1269 1571 F
1273 1516 1547 1571 atiscente
1568 1525 1760 1571 autem

978 1604 1145 1642 sacra
1178 1588 1327 1651 aede,
1359 1586 1534 1641 ailiam
1573 1587 1763 1642 me'dio

978 1659 1194 1713 saeculo
1248 1657 1549 1712 undecimo
1610 1674 1763 1728 pere-

979 1729 1129 1799 grini
1147 1728 1241 1782 alii
1260 1728 1563 1783 erexerunt
1587 1745 1762 1798 quam

980 1800 1161 1855 sancti
1189 1800 1432 1869 sepulcri
1460 1800 1762 1854 ecclesiam
1790 1865 1795 1872 q

982 1870 1279 1927 vocarunt.
1326 1870 1525 1925 Eidem
1567 1870 1766 1927 mona-

981 1944 1070 1997 chi
1117 1941 1471 1997 Benedictini
1518 1941 1762 2012 primum

981 2014 1243 2085 praefecti
1293 2021 1463 2080 sunt3
1515 2012 1767 2084 quatuor

981 2092 1176 2140 autem
1205 2093 1334 2155 post
1371 2085 1585 2140 saecula
1623 2084 1764 2141 data

979 2164 1064 2210 est
1102 2156 1382 2226 religiosis
1419 2155 1760 2221 Olivetenis,

979 2227 1076 2296 qui
1114 2226 1356 2282 eandem
1398 2242 1551 2280 novo
1592 2227 1765 2296 opere

142 2298 332 2353 buitin
356 2302 505 2364 locu,
532 2300 626 2355 ubi
651 2299 927 2354 invitatus
978 2297 1344 2353 aedificz'lrunt
1404 2297 1763 2366 peramplam

144 2369 216 2423 ad
273 2371 522 2441 nuptiaS,
581 2369 928 2425 accubuerat

147 2438 445 2505 DominuS,
491 2440 682 2511 ibique
723 2440 925 2510 paren-

146 2517 262 2564 tum
289 2514 521 2567 suorum
550 2512 786 2567 nomina
811 2518 927 2582 sty-

146 2580 199 2634 lo
227 2583 465 2638 notavit.
496 2584 642 2639 Haec
681 2583 773 2637 ille
800 2598 929 2637 nar-

149 2650 310 2707 rabat
345 2674 357 2708 z
387 2653 732 2711 narrationis
757 2669 927 2723 porro

149 2722 358 2780 veritas
385 2726 525 2780 mire
553 2723 928 2794 comprobata

979 2367 1249 2437 cultuque
1270 2367 1597 2437 magnifica
1620 2368 1764 2423 Cum

980 2454 1117 2493 vero
1136 2445 1260 2492 toto
1279 2439 1493 2492 saeculo
1510 2438 1763 2493 decimo-

982 2508 1138 2563 nono
1182 2508 1379 2563 divino
1424 2507 1597 2562 cultui
1646 2509 1766 2563 ere-

980 2588 1081 2650 pta
1107 2586 1273 2643 esset,
1297 2578 1552 2649 Joennes
1571 2580 1763 2649 Bapti-

980 2659 1066 2706 sta
1098 2651 1412 2720 Episcopus
1452 2650 1645 2705 multis
1670 2667 1763 2706 cu·

981 2723 1056 2777 ris
1081 2729 1139 2776 et
1172 2721 1436 2791 expensis
1474 2737 1604 2776 eam
1643 2722 1767 2776 vin-

147 2801 229 2846 est
276 2798 490 2851 saeculo
527 2795 925 2851 decimonono
982 2792 1214 2860 dicavit,
1273 2793 1446 2847 sacris
1497 2792 1760 2859 restituit,

150 2863 296 2919 Nam
336 2868 559 2922 Elateae
604 2867 660 2921 in
700 2866 928 2921 Graecia
981 2863 1297 2934 parochieli
1330 2864 1457 2933 jure
1496 2864 1676 2928 auxit,
1709 2873 1768 2920 et

147 2932 291 2990 inter
308 2936 516 2993 effossa
537 2937 761 3006 rudera,
789 2924 954 3007 lapi-i
983 2936 1062 2989 uti
1085 2934 1520 2989 monumentum
1541 2934 1767 2990 Christo

150 3003 284 3060 deus
335 3008 629 3064 accubitus
672 3008 929 3077 repertus
985 3005 1375 3073 Redemptori,
1407 3004 1636 3059 ineunte
1663 3020 1767 3060 sae·

149 3082 247 3143 est,
275 3078 330 3132 in
357 3095 473 3149 quo
497 3095 689 3149 graece
727 3077 930 3133 inscul-
982 3078 1111 3131 culo
1141 3075 1413 3129 vicesimo
1430 3075 1671 3129 solemni
1699 3076 1767 3129 ri·

149 3155 302 3212 ptum
328 3150 631 3221 legebatur
655 3170 667 3204 :
689 3150 798 3205 Hic
817 3149 932 3203 Do·
983 3154 1045 3201 tu
1072 3145 1450 3201 consecravit.
1488 3147 1602 3200 Leo
1629 3162 1766 3201 vero

152 3216 333 3274 minus
426 3222 588 3292 Jesus
687 3192 955 3275 mutaviti
988 3219 1149 3288 Papa
1175 3216 1428 3272 decimus
1456 3216 1654 3272 tertius
1692 3217 1767 3272 ad

1684 3620 1781 3681 mv
