2250 3810
911 358 1347 489 matthaeus
1380 402 1706 488 Filipellu

745 530 778 565 E
810 530 1143 565 TAURmENst
1176 530 1586 566 THEOLOGORUM
1619 528 1889 564 COLLEGIO

822 604 911 637 DEI
946 603 1014 637 ET
1046 603 1393 639 APOSTOLICAE
1425 603 1574 638 SEDIS
1605 601 1814 637 GRATIA

660 687 1029 733 EPISCOPUS
1069 687 1567 734 EPOREDIENSIS
1609 687 1698 731 ET
1741 684 1973 732 COMES

507 774 778 819 Venerabili
809 783 854 820 et
879 776 1114 820 Universo
1138 775 1280 821 Clero
1305 776 1542 821 Dioecesis
1571 776 1784 821 Salutem
1817 775 1867 818 in
1892 774 2107 819 Domino.

603 870 707 913 UM
736 870 891 915 Nobis
922 872 982 916 sit
1014 879 1315 929 compertum
1345 872 1525 929 Proprii
1555 871 1794 916 Dioeeesis
1826 884 2001 915 novam
2033 871 2110 913 im·

628 931 920 987 pressionem
952 945 982 975 a
1003 931 1155 976 Vobis
1186 932 1457 982 desiderari.
1488 931 1650 976 vestris
1683 937 1949 975 annuentes
1981 930 2107 979 votis,

508 997 752 1033 exaratum
774 1004 805 1033 a
830 990 1188 1036 Praedecessore
1214 991 1395 1037 Nostro
1416 991 1615 1049 Aloysio
1641 991 1847 1035 Moreno
1882 990 2026 1034 felicis
2048 989 2110 1032 re·

508 1049 816 1101 cordationis,
835 1050 1107 1106 complures
1123 1052 1367 1108 requirens
1389 1050 1753 1095 emendationes
1771 1050 1937 1106 quoad
1960 1049 2111 1105 aliqua

508 1107 680 1154 Officia
712 1122 742 1152 a
764 1110 812 1154 S.
841 1110 965 1153 Sede
997 1109 1269 1161 reformata.
1299 1111 1679 1168 recognovimus.
1715 1110 1910 1160 Pariter,
1938 1109 1999 1153 ad
2020 1121 2111 1151 ma—

501 1170 656 1225 j0rem
680 1168 994 1212 Sacerdotum
1019 1171 1429 1223 commoditatem,
1450 1183 1563 1227 quae
1585 1168 1744 1214 officia
1760 1169 2047 1226 jamdudum
2067 1167 2110 1210 in

509 1227 734 1272 omnibus
761 1227 1106 1276 Breviariorum
1130 1230 1419 1274 editionibus
1451 1230 1683 1285 impressa
1715 1228 2017 1273 inveniuntur
2038 1240 2110 1271 cu-

507 1287 715 1330 ravimus
747 1289 1082 1344 expungeuda,
1110 1290 1425 1346 adiungenda
1454 1297 1630 1339 autem.
1659 1296 1911 1345 tamquam
1944 1296 2111 1331 nostrae

511 1346 791 1390 Dioeceseos
822 1348 1029 1404 propria,
1057 1361 1087 1392 a
1109 1349 1300 1393 duobus
1324 1349 1550 1406 proximis
1578 1348 1768 1392 Nostris
1794 1348 2110 1391 Praedecesso-

507 1406 652 1456 ribus,
681 1418 887 1461 quorum
912 1409 1146 1452 memoria
1167 1410 1213 1451 in
1237 1409 1575 1453 benedictione
1605 1416 1690 1459 est,
1718 1407 1806 1451 rite
1828 1407 2106 1451 introducta.

629 1489 690 1534 Et
716 1490 822 1535 Nos
846 1491 943 1547 Ipsi
968 1493 1177 1537 maxima
1198 1493 1342 1537 animi
1366 1492 1535 1537 laetitia
1556 1492 1828 1548 gaudentes
1851 1491 1946 1536 alte
1980 1491 2109 1535 fixam

508 1562 610 1594 esse
647 1550 695 1593 in
733 1551 932 1607 populo,
958 1552 1158 1597 Nostrae
1193 1566 1324 1597 curae
1356 1553 1634 1603 commisso,
1662 1550 1970 1596 devotionem
2007 1555 2112 1606 e'rga

511 1607 561 1654 B.
583 1609 653 1653 M.
675 1609 731 1655 V.
762 1610 868 1662 Dei,
891 1612 1136 1669 nostrique
1160 1612 1381 1663 Matrem,
1409 1620 1457 1656 et
1480 1624 1595 1667 erga
1615 1610 2002 1655 Sacratissimum
2025 1609 2112 1654 Cor

512 1668 623 1728 lesu
646 1669 823 1715 Christi
848 1671 907 1715 D.
940 1671 1022 1723 N.,
1048 1685 1079 1724 a
1101 1672 1248 1728 Sacra
1274 1671 1469 1716 Rituum
1493 1670 1886 1728 Congregatione
1908 1670 2112 1718 obtinere

507 1729 779 1774 studuimus
802 1738 902 1774 tum
926 1731 1150 1776 Officium
1174 1731 1445 1787 proprium,
1464 1731 1561 1775 sive
1588 1731 1638 1774 Β.
1660 1730 1732 1775 Μ.
1753 1730 1810 1774 V.
1839 1730 1978 1775 titulo
1996 1728 2112 1773 Con·

507 1788 759 1833 solationis
782 1790 967 1842 Matris,
989 1792 1091 1846 Jam
1124 1791 1311 1847 pridem
1335 1790 1681 1835 Archidioecesi
1702 1788 1989 1833 Taurinensi
2012 1801 2112 1833 oon-

506 1860 708 1898 cessum,
738 1862 846 1892 cum
869 1849 985 1894 illud
1007 1850 1056 1895 B.
1080 1850 1363 1909 Margaritae
1386 1850 1559 1895 Mariae
1578 1848 1836 1905 Alacoque,
1855 1848 2114 1893 devotionis

508 1921 622 1966 erga
644 1909 714 1953 SS
753 1910 850 1953 Cor
870 1909 982 1965 Jesu
1014 1911 1158 1955 almae
1189 1911 1550 1969 propagatriciS.
1581 1910 1720 1960 Item,
1749 1922 1916 1966 quum,
1943 1909 2040 1954 sive
2068 1909 2112 1952 in
2160 1912 2161 1963 j

511 1967 729 2019 Civitate,
745 1969 842 2012 sive
859 1968 906 2012 in
929 1970 1137 2015 Dioecesi
1156 1972 1322 2016 multae
1336 1973 1429 2015 sint
1449 1971 1679 2015 Ecclesiae
1695 1971 1893 2014 Sanctae
1913 1968 2115 2012 Martbae

509 2027 691 2084 Virgini
722 2029 907 2078 dicatae.
938 2031 1057 2075 votis
1079 2032 1397 2088 complurium
1423 2031 1713 2075 Curatorum
1739 2029 2009 2072 animarum
2040 2040 2116 2071 an-

516 2092 733 2138 nuentes,
778 2089 1076 2134 obtinuimus
1114 2099 1166 2135 ut
1204 2091 1378 2135 festum
1413 2091 1556 2136 huius
1594 2090 1789 2134 Sanctae
1814 2087 2025 2145 Virginis
2061 2087 2115 2130 ad

511 2146 651 2195 ritum
676 2147 914 2202 duplicem
938 2150 1223 2195 eveheretur.

630 2218 816 2272 Quibus
839 2231 922 2266 rue
945 2225 1191 2275 ordinatis,
1216 2224 1502 2267 mandamus
1522 2220 1821 2265 Kalendaria
1842 2233 2020 2270 annua,
2039 2232 2116 2262 seu

510 2278 766 2323 directoria
788 2281 1053 2326 divinarum
1078 2296 1272 2339 precum
1296 2284 1521 2338 deinceps
1544 2282 1607 2325 ad
1632 2280 1846 2325 tramites
1866 2280 2007 2336 hujus
2024 2279 2115 2322 edi-

510 2337 655 2381 tionis
676 2341 874 2398 omnino
893 2343 1060 2386 confici
1086 2357 1094 2386 :
1114 2343 1342 2387 universis
1362 2355 1471 2386 vero
1493 2349 1539 2385 et
1561 2340 1762 2396 singulis
1786 2348 1883 2384 tam
1901 2339 2117 2383 Civitatis

508 2410 653 2454 quam
680 2397 914 2444 Dioecesis
941 2402 1282 2446 Ecclesiasticis
1306 2402 1424 2453 viris,
1447 2409 1494 2446 et
1520 2401 1772 2444 Sacrarum
1795 2399 1996 2447 laudum
2018 2399 2117 2454 lege

507 2457 752 2505 devinctis.
781 2460 827 2503 id
861 2474 1053 2518 quoque
1085 2463 1132 2505 in
1167 2463 1338 2506 virtute
1369 2471 1553 2506 sanctae
1575 2459 1870 2504 obedientiae
1903 2458 2117 2515 praecipi-

509 2530 628 2568 mus,
649 2529 700 2560 ut
724 2517 829 2562 haec
848 2522 917 2562 «ii»
931 2523 1008 2564 ina
1025 2521 1195 2567 Officia
1218 2522 1295 2577 pie
1316 2521 1591 2577 suscipiant,
1614 2520 1857 2575 istumque
1878 2519 1969 2563 sibi
1993 2531 2117 2563 com·

508 2586 733 2632 parantes
768 2580 976 2624 libellum
1010 2595 1067 2625 ea
1099 2582 1439 2631 continentem,
1468 2581 1657 2636 publice
1679 2593 1736 2623 ac
1758 2579 1980 2635 privatim
2009 2578 2115 2621 reci-

509 2643 622 2680 tent,
655 2637 755 2681 Vos
784 2649 798 2681 t
836 2642 976 2684 iidem
1013 2654 1252 2698 rogamus,
1281 2639 1526 2684 Carissimi
1550 2648 1596 2682 et
1620 2639 1928 2682 obsecramus
1952 2638 2002 2681 in
2027 2637 2119 2680 Do-

508 2697 639 2741 mino
652 2697 781 2756 Jesu.
806 2711 850 2742 ut
874 2715 1074 2756 quorum
1093 2702 1259 2744 laudes
1276 2700 1555 2756 persolvitis,
1576 2706 1624 2742 et
1639 2697 1937 2754 praeconium
1953 2697 2118 2743 facitis.

510 2756 704 2800 virtutes
726 2775 800 2814 qn·-
814 2774 918 2814 »que
935 2760 1240 2810 aemulemini,
1258 2759 1479 2814 exempla
1496 2757 1777 2814 sequamini,
1799 2757 2118 2802 constantiam

507 2823 555 2860 et
577 2817 723 2861 robur
746 2820 823 2861 imi
864 2821 1110 2869 ..mnnita
1133 2820 1332 2869 eveniet,
1354 2827 1403 2862 ut
1420 2817 1768 2873 divinajugiter
1781 2815 1943 2860 officia
1960 2817 2116 2873 digne,

505 2884 689 2922 attente
711 2893 740 2922 a
791 2888 964 2922 «latnie
988 2882 1254 2927 recitantes.
1283 2891 1486 2935 quorum
1509 2876 1771 2934 gloriamur
1792 2875 2050 2931 triumphis
2070 2885 2120 2916 ac
2164 2916 2165 2921 ,

510 2940 746 2995 praesidiis
771 2942 798 2981 i.
814 2953 979 2989 wnmr,
1009 2940 1302 2984 tons-ortium
1326 2945 1373 2982 et
1396 2937 1572 2980 habere
1595 2940 1837 2992 possimus
1858 2935 1906 2979 in
1931 2926 2079 2979 coelis.

629 3025 887 3080 Epondme
996 3024 1171 3078 palatio
1208 3022 1388 3067 Nostro
1422 3020 1713 3078 Episcopali‚
1744 3019 1901 3064 Nonis
1934 3016 2120 3064 Martiis

509 3095 539 3127 a
562 3083 741 3128 Sancto
782 3085 792 3125 l
880 3097 956 3126 mi
981 3084 1221 3140 Aquinate
1242 3082 1550 3127 solemnibus.

1303 3167 1663 3244 mattham&
1695 3181 1998 3227 Episcopus
