2250 3810
489 366 559 403 20
825 359 935 399 DIE
963 360 1031 413 24
1058 357 1223 398 SEPT.
1258 374 1325 381 --
1351 356 1398 397 5.
1432 357 1758 397 TERENTu.

485 476 606 531 tate
633 476 758 539 ista,
782 473 964 540 fugite
990 472 1046 526 in
1069 470 1261 526 aliam.
1323 472 1459 525 vitae
1485 471 1647 525 nobis
1671 470 1872 525 tribue.
1900 472 1972 524 Χ).
2005 472 2101 524 Di-

483 1115 729 1185 giorum,
755 1122 816 1168 ut
836 1130 932 1183 qui
951 1112 1269 1181 quomodo

485 1186 729 1255 cumque
768 1186 845 1241 ad
884 1199 1082 1237 necem
1111 1198 1269 1252 quae-

484 1256 758 1320 serentur,
779 1253 993 1309 servari
1014 1262 1263 1323 possent.

487 1328 549 1380 In
579 1325 1070 1379 consummatione
1099 1340 1269 1393 porro

485 1397 824 1477 saeculorum
848 1412 978 1450 cum
1004 1395 1272 1449 advenis-

484 1476 570 1522 set
612 1467 751 1522 illud
790 1467 973 1537 ipsum
1013 1467 1270 1519 Verbum

488 1540 686 1606 Patris,
715 1540 877 1607 quod
890 1538 1074 1609 Moysi
1096 1536 1270 1592 antea

485 1610 736 1665 locutum
747 1609 952 1673 fuerat
963 1624 1152 1669 rursus
1166 1610 1274 1662 hoc

488 1682 841 1768 praeceptum
881 1680 1086 1735 dedit.
1124 1680 1270 1734 Cum

489 1769 609 1817 vos,
663 1752 940 1833 inquiens,
993 1746 1276 1836 persecuti

487 1823 700 1877 fuerint
749 1824 803 1877 in
855 1821 1087 1877 civitate
1138 1822 1266 1885 ista,

489 1894 702 1964 fugite
689 1912 742 1948 ιιι
766 1893 956 1949 aliam.
978 1892 1270 1962 Pauloque

488 1974 616 2036 post
640 1965 910 2034 snbjicit:
943 1965 1088 2019 Cum
1118 1964 1271 2019 vide-

489 2035 1269 2091 ritisillamabominationem

486 2107 854 2162 desolationis
861 2106 1176 2174 ,quaedicta
1188 2113 1271 2160 est

486 2176 1270 2262 perDanielemProphetam‚

487 2248 889 2302 consistentem
911 2248 966 2301 in
994 2249 1123 2302 loco
1143 2265 1270 2302 san-

487 2327 582 2374 cto
609 2320 727 2389 (qui
754 2319 913 2389 legit,
938 2318 1241 2388 intelligat,
1252 2321 1269 2388 )

486 2398 621 2447 tunc
659 2391 756 2460 qui
795 2391 851 2444 in
877 2391 1085 2462 Judaea
1120 2397 1267 2458 sunt,

487 2462 719 2545 fugiant
769 2462 843 2516 ad
886 2469 1111 2516 montes
1159 2481 1171 2516 ε
1210 2467 1269 2515 et

486 2534 580 2602 qui
620 2533 677 2587 in
716 2540 870 2587 tecto
914 2540 1015 2597 est,
1056 2548 1127 2586 ne
1172 2535 1267 2586 de-

484 2604 723 2658 scendat
747 2605 944 2658 tollere
963 2603 1178 2672 aliquid
1194 2604 1265 2657 de

485 2676 658 2730 domo
675 2691 777 2728 sua
807 2695 819 2728 :
846 2681 904 2728 et
929 2675 1022 2743 qui
1044 2675 1101 2728 in
1121 2691 1265 2742 agro

484 2752 586 2809 est,
615 2761 724 2799 non
757 2745 1080 2800 revertatur
1103 2746 1265 2799 tolle-

483 2831 542 2869 re
569 2814 823 2870 tunicam
850 2832 1031 2871 suam.

518 2886 600 2942 232.
636 2887 901 2952 Domine,
932 2889 1054 2940 Rex
1083 2887 1265 2942 omni-

481 2966 702 3028 potenS,
742 2959 796 3013 in
836 2966 935 3013 tua
975 2958 1145 3012 laude
1184 2959 1265 3012 fe-

479 3037 626 3084 stum
656 3029 810 3085 beati
840 3028 1090 3083 Terentii
1119 3031 1264 3083 cele-

478 3101 751 3155 brantes:
794 3106 822 3134 ᾗ
852 3100 970 3154 Nos
994 3100 1070 3154 ab
1105 3101 1260 3154 omni

481 3172 632 3226 malo
653 3173 773 3242 ejus
789 3171 1051 3241 precibus
1066 3171 1263 3225 defen-

478 3241 568 3306 de,
628 3250 685 3296 et
743 3242 961 3313 gaudia
1022 3242 1261 3298 aeternae

1321 542 1532 606 centeS‚
1573 542 1841 608 Domine,
1871 541 2134 600 laudem

1320 613 1556 668 sedulo
1541 630 1598 667 m
1624 614 1806 668 sancti
1826 586 2102 698 'Martyris
2148 666 2150 680 ,

1267 683 1569 739 Terentii
1611 683 1994 738 solemnitate.
2036 715 2097 722 —
2147 683 2150 724 Ι

1322 756 1437 814 Nos
1463 755 1537 809 ab
1562 754 1735 809 omni.
2146 731 2150 784 Ι

1571 830 1739 884 attio
1765 830 1894 892 biij.
2146 794 2150 894 β

1571 898 1660 952 EC
1710 913 1840 951 cum
1899 898 2105 951 scirent
2146 918 2149 966 ς

1571 968 1772 1033 Sancti,
1827 967 2104 1037 ejusmodi

1571 1039 1866 1093 :enuerunt
1988 1054 2102 1093 suae

1322 1110 1774 1165 cullvelsatidnis
1856 1156 1859 1159 .
1886 1109 2105 1164 institis!-

1320 1189 1462 1235 tum.
1492 1230 1496 1232 Α
1530 1182 1676 1250 Quae
1739 1180 1891 1235 enim
1959 1197 2103 1235 nunc
2145 1214 2148 1223 ι

1323 1252 1903 1322 praecepitDominuS,
1912 1252 2106 1307 eadem
2223 1278 2224 1301 ι

1321 1338 1552 1393 quoque
1571 1331 1705 1377 ante
1726 1339 1893 1377 suum
1915 1324 1971 1377 in
1991 1337 2106 1377 car·

1325 1411 1394 1449 ne
1421 1395 1735 1450 adventum
1763 1393 1991 1448 locutus
2027 1402 2107 1448 est

1323 1466 1379 1520 in
1394 1466 1660 1520 Sanctis:
1677 1472 1735 1519 et
1753 1464 2100 1520 hocinstito-
2144 1489 2146 1518 2
2223 1462 2224 1512 ἶ

1323 1545 1445 1591 tum
1496 1536 1755 1591 homines
1803 1536 1879 1589 ad
1930 1536 2108 1605 perfe-

1324 1608 1575 1662 ctionem
1603 1606 1832 1664 duc1t.N
1839 1623 1937 1661 am
1956 1608 2107 1676 quod
2144 1661 2146 1670 .

1326 1680 1481 1733 Deus
1500 1678 1745 1748 jusserit,
1770 1678 1833 1732 id
1870 1678 2108 1732 omnino
2143 1682 2147 1763 1

1324 1750 1647 1804 faciendum
1665 1756 1765 1803 est.
1784 1749 2042 1819 Ideoque
2058 1758 2109 1803 et
2143 1764 2147 1807 1

1325 1821 1508 1891 ipsum
1553 1821 1809 1874 Verbum
1877 1827 2146 1890 propter'

1325 1909 1428 1947 nos
1477 1892 1651 1946 homo
1704 1892 1943 1959 factum,
1977 1908 2146 1947 non

1324 1963 1622 2033 indignum
1676 1961 1926 2033 putavit,
1983 1980 2108 2017 cum

1323 2035 1694 2104 quaereretur,
1736 2028 2147 2102 quemadmo-

1323 2106 1459 2160 dum
1510 2112 1569 2159 et
1612 2120 1715 2158 nos
1758 2102 2146 2160 abscondere'

1323 2193 1403 2241 se;
1427 2185 1632 2231 etcum
1656 2176 2109 2245 persecutionem

1323 2248 1634 2317 pateretur,
1666 2246 1891 2316 fugere,
1936 2255 1997 2302 et
2034 2249 2110 2302 in·
2144 2273 2147 2289 ·
2223 2301 2224 2316 ¹

1322 2318 1495 2373 sidias
1510 2317 1994 2373 declinaretcum
2016 2336 2111 2374 au·
2223 2319 2225 2392 ζ

1321 2397 1437 2444 tem
1465 2407 1499 2444 a
1539 2405 1597 2444 se
1635 2388 1935 2443 definitum
1972 2397 2109 2445 tem·
2146 2460 2149 2479 1

2223 2543 2224 2577 1

1321 2477 1426 2530 pus
1476 2461 1595 2530 ipse
1646 2460 2001 2526 adduxisset,
2057 2462 2109 2514 in

1320 2548 1434 2601 quo
1462 2531 1837 2601 corporaliter
1863 2538 1972 2602 pro
1993 2532 2112 2586 om·

1321 2602 1480 2657 nibus
1517 2603 1638 2673 pati
1673 2602 1927 2666 volebat,
1964 2604 2110 2658 ultro

1318 2690 1564 2799 5εέρ5ιιιιι
1588 2672 1825 2728 tradidit
1840 2673 2110 2729 insidian-

1320 2745 1361 2799 ti
1406 2762 1469 2798 us
2146 2760 2149 2773 ·

1355 2815 1439 2871 R.
1534 2815 1825 2870 Gloriosus
1899 2816 2107 2871 Christi

1318 2889 1544 2958 Martyr
1592 2886 1914 2951 Terentius,
1978 2903 2105 2941 cum

1318 2960 1391 3014 ab
1430 2957 1618 3027 impiis
1642 2957 1959 3012 saevissime
1998 2974 2106 3012 cae-

1317 3029 1565 3093 deretur,
1608 3028 1818 3083 orabat
1859 3029 2105 3083 dicens:
2143 3090 2144 3103 χ
2223 3087 2224 3102 ¹

1316 3103 1351 3136 ὕ
1398 3100 1645 3154 Domine
1681 3100 1817 3170 Jesu
1864 3101 2103 3165 Christe,
2141 3115 2144 3121 ·

1318 3173 1519 3226 Pastor
1543 3172 1713 3235 bone,
1744 3178 1801 3225 te
1826 3170 1900 3225 de
1946 3156 2144 3225 recor*
2223 3167 2224 3174 ’

1316 3242 1544 3307 obnixe,
1580 3241 1802 3312 suscipe
1841 3258 1907 3311 sp
1931 3243 2095 3296 ritum

2145 3010 2147 3047 s
2223 2979 2224 2990 ,
