2250 3810
253 377 534 419 msiole
567 376 880 420 MlRACULI
911 377 989 418 ss,
1024 378 1334 419 CORPoms
1364 380 1635 422 CHRISTI.
1685 368 1754 422 81

137 497 567 552 Marchionibus
592 496 924 566 Romagna-
974 496 1237 567 signatur
1274 497 1481 567 lapide.
1526 501 1761 572 Cisalpi-

137 568 210 633 ni,
254 567 671 623 comitantibus
707 567 924 636 capitu·
977 584 1078 622 nos
1105 584 1264 633 vero,
1290 570 1542 626 secundo
1570 589 1604 626 a
1632 590 1761 643 pro-

135 641 190 693 lo
227 647 286 694 et
344 641 520 706 clero,
562 637 810 692 accurrit
848 638 924 693 ad
977 638 1137 709 digia
1155 642 1384 709 saeculo,
1407 643 1540 697 tabe
1569 644 1758 698 miser-

134 712 321 766 locum
370 731 381 765 :
421 718 481 765 et
520 710 658 764 dum
711 710 767 763 in
826 725 922 764 ore
974 710 1759 786 rimedepopulantemagni-

132 781 367 851 supplici
391 780 761 836 circumfusae
785 782 922 835 mul·
973 780 1252 846 fidentior,
1320 799 1452 852 quae
1530 795 1751 854 prostat

129 852 386 910 titudinis
435 852 654 923 legitur
699 871 711 905 :
750 853 922 906 Mane
971 852 1130 907 aedes
1166 869 1236 906 ex
1277 862 1414 907 voto
1453 872 1487 909 a
1525 857 1758 912 civitate

131 924 420 979 nobiscum
462 923 765 977 Domine:
804 924 922 993 ipse
971 924 1159 993 posita
1232 931 1335 989 est,
1402 941 1517 994 quo
1581 928 1757 982 divini

130 994 365 1049 calicem
407 994 691 1064 supponit
728 994 785 1047 in
824 995 921 1064 ge·
971 994 1184 1049 amoris
1221 994 1445 1050 sodales
1481 999 1757 1067 perpetuo

131 1083 239 1121 nua
267 1065 632 1136 provolutus,
971 1065 1267 1120 adoraturi
1287 1068 1645 1135 accedenteS,
1672 1072 1754 1125 in-

161 1137 242 1192 Έι.
308 1137 620 1192 Fortitudo
678 1151 809 1190 mea
865 1144 922 1190 et
970 1137 1757 1207 dulgentiisplt'irimisasum-

129 1209 250 1263 laus
323 1225 459 1264 mea
541 1206 827 1263 Dominus
909 1227 920 1261 ε
972 1208 1077 1261 mis
1095 1208 1468 1264 Pontificibus
1495 1212 1755 1267 Clemen-

127 1283 160 1315 *
187 1282 258 1334 Et
277 1281 470 1335 factus
490 1287 581 1334 est
603 1278 740 1332 mihi
759 1278 815 1332 in
833 1294 921 1334 sa·
970 1286 1025 1332 te
1044 1279 1347 1334 undecimo
1357 1297 1425 1335 ac
1445 1283 1757 1339 Benedicto

129 1350 321 1417 linem,
368 1351 628 1406 alleluia.
668 1349 743 1404 Χ).
790 1351 921 1404 Vox
971 1351 1407 1419 decimoquarto
1429 1354 1580 1408 aucti
1603 1366 1750 1409 sunt.

129 1423 531 1478 exsultationis
559 1430 620 1476 et
639 1420 836 1475 salutis
863 1421 918 1474 in
970 1423 1062 1476 Ad
1132 1422 1319 1487 fidem,
1369 1424 1757 1481 roborandam

128 1495 515 1549 tabernaculis
527 1493 919 1564 justorum—
970 1493 1246 1547 adversus
1305 1496 1421 1548 late
1484 1496 1751 1564 grassan-

128 1565 195 1618 Et
221 1566 426 1620 factus,
619 1584 629 1599 ·
969 1571 1085 1617 tem
1139 1564 1554 1620 incredulitatis
1602 1570 1753 1622 luem

359 1638 579 1695 stettin
607 1638 687 1700 ni.
885 1683 888 1687 .
969 1635 1279 1705 Gregorius
1298 1636 1758 1692 decimussextus

149 1710 304 1814 ἡκ
333 1711 468 1764 Une
536 1707 747 1761 sensim
811 1706 919 1760 Eu·
970 1706 1755 1763 lectionessect'indiNoctur-

152 1776 196 1851 χ’
249 1778 301 1825 '12‘
355 1777 674 1836 charistica
736 1777 920 1831 hostia
971 1778 1046 1841 ni,
1078 1794 1207 1832 cum
1238 1778 1457 1849 hymno
1484 1779 1753 1834 hist6rico

72 1847 76 1937 Q
156 1824 316 1904 AL..
355 1849 688 1913 descendit,
754 1856 811 1902 et
863 1848 915 1903 in
970 1849 1758 1922 etantiphoni‘sadVesperas

75 1956 76 1981 i
128 1922 290 1979 calice
331 1940 368 1978 a
407 1923 596 1977 sacris
636 1920 921 1974 Antistitis
968 1928 1026 1975 et
1067 1922 1143 1977 ad
1187 1923 1402 1988 laudeS,
1452 1922 1580 1977 Pius
1619 1941 1755 1983 vero

126 1994 380 2052 manibus
398 1993 679 2065 porrecto
697 1991 918 2061 placide
971 1994 1131 2061 Papa
1203 2009 1387 2048 nonus
1463 1993 1751 2066 integrum

124 2066 279 2132 sistit,
311 2076 496 2136 atque
526 2065 587 2117 in
616 2062 919 2119 cathedra·
967 2062 1238 2119 Officium
1277 2065 1570 2135 proprium
1624 2084 1754 2122 cum

123 2137 226 2191 lem
249 2138 564 2192 ecclesiam
583 2133 821 2188 solemni
848 2135 920 2188 ri-
969 2135 1146 2189 Missa
1161 2135 1343 2190 enixis
1359 2136 1621 2205 precibus
1638 2139 1762 2196 An-⁴⁴

119 2210 467 2272 tudefertur,
483 2205 583 2262 ubi
602 2205 678 2260 ad
695 2213 919 2276 tempus
966 2206 1158 2261 tistitis
1197 2214 1255 2260 et
1282 2207 1413 2261 cleri
1442 2210 1488 2260 T
1492 2209 1752 2262 aurinen-

121 2296 340 2335 summa
393 2294 535 2334 cum
596 2277 917 2331 reverentia
966 2277 1040 2332 sis
1060 2277 1400 2342 annuenteS,
1423 2287 1632 2348 quarto
1661 2296 1753 2333 ac-

114 2351 416 2407 asservata
440 2348 608 2405 miris
633 2347 809 2417 signis
825 2364 918 2402 co-
965 2349 1205 2403 cedente
1222 2348 1484 2404 saeculari
1508 2366 1662 2404 anno
1680 2352 1753 2405 ab

71 2472 74 2487 ,
121 2424 383 2479 fuscavit.
440 2418 793 2476 Sodalitium
835 2420 917 2473 in·
965 2419 1188 2491 insigne
1216 2420 1447 2490 patrato
1477 2420 1751 2477 miraculo

120 2494 272 2549 terea
300 2492 632 2549 instituitur
657 2490 760 2544 sub
784 2490 916 2544 titu·
965 2491 1316 2546 concessere.

121 2565 172 2619 lo
188 2566 468 2636 Corporis
500 2561 755 2616 Domini.
776 2561 916 2616 Offi-
1000 2560 1083 2617 752.
1118 2563 1273 2616 Deus
1295 2561 1526 2617 auribus
1546 2564 1752 2617 nostris

69 2664 72 2673 ‹
121 2636 263 2691 cium
291 2639 405 2692 ritu
451 2632 673 2702 duplici
713 2632 915 2702 majori
965 2633 1286 2688 audivimus
1314 2653 1325 2687 :
1353 2637 1386 2668 ⁴*
1415 2635 1612 2688 Patres
1653 2651 1752 2688 no-

71 2720 74 2735 *
120 2708 431 2776 quotannis
473 2702 840 2761 recitandum
880 2721 913 2757 a
964 2705 1062 2758 stri
1080 2704 1571 2759 annuntiaverunt
1590 2706 1752 2760 nobis

124 2778 386 2835 Romana
429 2777 590 2832 Sede
647 2773 913 2844 impetra·
964 2775 1210 2830 alleluia.
1257 2774 1330 2831 ΊΌ.
1378 2778 1555 2846 Opus
1597 2779 1752 2847 quod

120 2855 220 2905 tur.
267 2848 538 2905 Solemni
579 2844 916 2899 ecclesiasti·
964 2846 1234 2915 operatus
1261 2863 1319 2901 es
1345 2847 1398 2900 in
1429 2848 1628 2902 diebus
1655 2849 1749 2902 eo·

117 2936 182 2975 ca
218 2938 285 2977 ac
324 2920 487 2977 civili
531 2932 742 2987 pompa
777 2932 915 2986 quo·
964 2934 1088 2972 rum
1110 2918 1243 2971 etin
1265 2918 1462 2972 diebus
1479 2919 1744 2989 antiquis,

69 3000 72 3023 '
119 2992 197 3047 vis
240 3008 444 3048 mense
491 2987 917 3044 Eucharisticus
964 3022 1032 3029 —
1085 2990 1282 3043 Patres
1320 2990 1510 3044 nostri.
1553 2992 1748 3045 Gloria

67 3026 72 3143 i
117 3065 276 3131 panis
341 3059 789 3123 circumfertur‚·
843 3075 912 3113 ac
965 3060 1134 3114 Patri.
1168 3062 1364 3115 Patres
1391 3061 1587 3116 nostri.

67 3146 68 3159 ¹
117 3137 443 3191 marmoreo
461 3130 726 3187 excitato
742 3129 915 3184 sacel-
1083 3136 1148 3185 In
1175 3136 1282 3187 111.
1316 3135 1621 3187 Nocturna.

65 3202 68 3263 J
115 3207 185 3271 lo,
215 3209 397 3271 locus,
445 3203 546 3259 ubi
587 3200 911 3271 prodigium
1001 3201 1738 3271 Atiaj.Sumitepsalmum,

63 3274 68 3377 Ι
115 3278 372 3347 contigit,
385 3272 914 3339 cancellisclausuS,
963 3280 1022 3326 et
1041 3273 1175 3327 date
1197 3281 1537 3342 tympanum
1569 3275 1747 3340 :psal-

259 3408 451 3459 Epored.
477 3428 528 3437 —-
548 3403 695 3444 Verria
713 3403 738 3443 6
