2250 3810
124 263 129 375 Ι
477 332 592 372 DIE
627 337 698 392 13
727 335 901 378 FEBR.
933 355 1009 364 --
1042 338 1086 380 S.
1118 337 1424 389 JULIANAE.
1695 342 1766 394 41

122 430 391 509 'stantun
460 458 684 528 Quinto
747 467 939 516 autem
989 463 1244 518 rinorum
1294 463 1564 519 sacellum
1627 473 1774 519 esset

120 544 123 553 ·
164 523 425 581 Ecclesiae
450 531 668 584 saeculo
688 531 941 588 oratoria
988 534 1285 590 conditum
1336 542 1556 590 sanctae
1594 534 1773 606 Julia-

116 630 119 657 ἱ
163 594 358 650 cellula
407 598 482 653 ab
533 600 660 671 ipsa
709 602 940 673 Juliana
990 623 1100 672 nae,
1180 614 1237 660 et
1298 605 1499 661 iisdem
1561 606 1772 661 sanctis

116 672 119 683 ’
162 666 461 735 exstructa,
493 678 551 725 et
591 672 685 727 ubi
712 673 939 730 exuviae
987 677 1338 748 Martyribus
1355 677 1766 748 nuncupatum,
1826 724 1831 745 ᾗ

113 712 119 787 Ῐ
160 737 274 806 ejus
297 740 578 809 expositae
607 743 854 815 fuerant,
882 746 937 800 in
988 765 1174 818 neque
1272 764 1385 803 non
1494 748 1770 803 attributa

160 807 423 864 decoram
451 813 763 870 Basilicam
805 833 939 871 con·
988 821 1227 890 praedia,
1281 820 1487 890 quibus
1539 835 1609 874 eo
1659 819 1769 874 loci

160 879 316 935 versa
341 890 444 947 est,
477 900 547 938 ac
589 886 828 941 subinde
869 904 939 942 eo
986 893 1266 961 templum
1322 890 1764 954 construeretur,

156 950 258 1004 loci
285 956 695 1010 monasterium
720 957 935 1013 institu-
987 963 1248 1034 Gregorii
1324 961 1532 1016 decimi
1616 962 1768 1016 tertii

108 1028 111 1045 “
157 1028 269 1076 tum
295 1026 478 1080 sancti
521 1027 798 1083 Solutoris
838 1030 939 1084 no·
990 1034 1157 1088 venia
1206 1040 1427 1089 sanctae
1478 1032 1769 1088 Matronae

156 1093 316 1148 mine.
341 1097 562 1151 Verum
581 1114 738 1154 anno
760 1101 938 1155 mille·
986 1111 1159 1174 atque
1233 1104 1487 1192 ipsorum
1549 1103 1767 1173 Marty-

154 1163 290 1218 simo
329 1168 797 1238 quingentesimo
840 1172 937 1225 tri-
985 1193 1111 1230 rum
1172 1176 1401 1231 exuviae
1476 1175 1608 1230 illuc
1673 1176 1769 1230 de-

152 1235 364 1304 gesimo
416 1246 582 1293 sexto
623 1256 798 1310 quum
836 1244 937 1297 ho·
984 1246 1121 1302 latae
1176 1254 1324 1302 sunt.
1389 1247 1621 1301 Sanctae
1669 1247 1768 1316 Ju-

153 1309 934 1380 stesAugustaeTaurinorum
982 1317 1158 1373 lianae
1225 1325 1402 1387 caput
1470 1317 1528 1371 in
1597 1315 1767 1388 pyra-

152 1378 309 1446 potiti
336 1389 548 1447 essent,
571 1398 640 1436 ac
665 1384 934 1440 suburdia
984 1390 1135 1444 mide
1210 1389 1575 1454 collocatum,
1643 1388 1767 1442 reli-

151 1449 565 1518 subverterent‚
610 1456 794 1508 sancti
834 1457 935 1510 So·
981 1477 1096 1530 qua
1137 1477 1265 1516 ossa
1306 1463 1362 1516 in
1403 1459 1588 1514 nucea
1630 1475 1767 1513 arca

148 1519 337 1576 luroris
348 1521 544 1578 diruto
563 1527 927 1592 monasteriO,
979 1533 1132 1586 intus
1157 1549 1272 1587 aere
1293 1531 1496 1601 operta
1515 1537 1648 1585 sunt
1669 1530 1769 1600 po-

148 1600 360 1648 sanctae
380 1594 636 1664 Julianae
664 1613 792 1651 ossa
821 1615 931 1652 una
979 1604 1104 1657 sita.
1142 1605 1205 1656 In
1234 1619 1385 1658 arcae
1428 1601 1579 1656 facie
1622 1601 1767 1655 miro

148 1677 269 1716 cum
331 1664 558 1720 exuviis
607 1667 930 1738 Martyrum
980 1674 1152 1743 opere
1194 1673 1480 1736 confecta,
1511 1688 1644 1741 quae
1664 1673 1768 1727 So-

148 1731 353 1789 ibidem
435 1736 558 1790 sitis
619 1737 676 1792 in
738 1740 933 1795 urbem
978 1744 1195 1812 lutoriS,
1259 1742 1630 1809 Adventoris,
1706 1749 1765 1797 et

146 1805 428 1865 translata
465 1815 617 1872 sunt,
660 1815 835 1880 atque
872 1811 929 1866 in
980 1815 1211 1870 Octavii
1297 1833 1426 1871 ossa
1507 1813 1765 1869 contine-

145 1877 321 1933 sancti
366 1878 627 1935 Andreae
673 1881 930 1952 prioratu
978 1887 1096 1954 bat,
1129 1887 1305 1943 etiam
1331 1887 1581 1959 Julianae
1622 1884 1765 1941 ima-

100 1935 106 2002 !
146 1945 198 2001 in
238 1949 454 2004 sacello
499 1950 790 2022 Deiparae,
839 1956 930 2009 cui
978 1976 1056 2030 go
1117 1961 1236 2014 seul
1278 1967 1341 2015 ta
1403 1967 1505 2014 est.
1561 1957 1765 2014 Subin-

100 2015 104 2088 !
145 2033 176 2071 a
234 2020 654 2077 Consolatione
719 2041 927 2080 nomen
979 2030 1049 2085 de
1077 2038 1367 2086 exstructo
1407 2030 1583 2085 nobili
1622 2036 1763 2085 tem-

99 2095 104 2176 ι
144 2097 241 2155 est,
299 2092 590 2163 tantisper
639 2094 925 2165 deposita,
979 2104 1074 2172 plo
1137 2102 1488 2174 Martyribus
1549 2116 1764 2155 nuncu-

100 2225 101 2234 *
144 2159 322 2216 donec
374 2163 502 2217 Deo
549 2162 606 2217 in
651 2165 929 2222 honorem
979 2172 1137 2243 pato,
1218 2180 1439 2229 sanctae
1513 2169 1764 2243 Julianae

144 2230 389 2300 ipsorum
467 2232 786 2307 Martyrum
861 2255 930 2294 ac
979 2243 1207 2299 exuviae
1258 2245 1316 2299 in
1362 2260 1464 2298 ara
1508 2241 1763 2313 principe

98 2259 103 2408 ἑ
142 2304 636 2376 sanctaeJulianae,
652 2310 927 2378 templum
978 2315 1055 2369 ad
1107 2316 1258 2370 latus
1301 2315 1592 2370 sinistrum
1643 2313 1763 2368 sive

98 2415 101 2444 ,
144 2369 384 2429 alterum
412 2378 816 2434 exstrueretur.
979 2386 1274 2456 Epistolae,
1297 2388 1353 2442 in
1373 2403 1517 2441 urna
1543 2385 1763 2440 affabre

181 2444 253 2500 R.
306 2446 577 2503 Dilexisti
620 2449 923 2519 justitiam,
976 2458 1278 2512 elaborata
1317 2465 1449 2512 sunt
1487 2456 1757 2522 conditae,

98 2493 101 2564 ἶ
141 2523 196 2569 et
255 2517 428 2573 odisti
491 2518 857 2589 iniquitatem
915 2543 928 2579 ε
975 2544 1044 2582 ae
1070 2545 1250 2599 prope
1278 2530 1424 2600 lapis
1445 2528 1677 2598 posituS‚
1706 2529 1763 2582 in

96 2569 101 2692 ε
140 2588 922 2660 *Proptereaunxitteneus,
974 2616 1089 2669 quo
1113 2599 1349 2671 Juliana
1374 2617 1478 2655 sua
1519 2598 1763 2669 vestigia

142 2658 290 2715 Deus
332 2667 467 2716 tuus
512 2661 642 2717 oleo
680 2664 920 2721 laetitiae.
975 2670 1320 2741 impressisse
1381 2672 1577 2726 fertur.
1629 2671 1765 2741 Ejus

96 2705 100 2748 ³
141 2728 210 2786 Ὦ.
240 2733 487 2803 Propter
516 2733 841 2804 veritatem,
869 2744 926 2791 et
974 2757 1085 2811 ope
1106 2742 1377 2812 portenta
1420 2743 1601 2797 multa
1629 2758 1763 2796 con-

142 2802 658 2871 mansuetudinem,
686 2812 745 2860 et
764 2806 923 2876 justi·
972 2812 1170 2883 tigisse
1198 2830 1311 2868 non
1340 2816 1517 2868 semel
1544 2821 1629 2868 est
1650 2817 1764 2867 tra-

95 2861 99 2939 }
139 2872 291 2930 tiam.
324 2907 394 2915 «-
425 2876 756 2946 Propterea.
793 2899 798 2903 ·
972 2883 1179 2939 ditum.

94 2953 97 2962 '
367 2944 578 3006 Uettio
605 2951 689 3012 bi·
1006 2955 1089 3010 R.
1125 2957 1326 3010 Fallax
1352 2954 1559 3027 gratia.

182 3019 483 3081 Ῠ-ΪὲΝΠΟ
621 3018 923 3074 minesimo
1006 3029 1078 3082 In
1121 3029 1209 3097 z’z’j.
1265 3028 1432 3083 Nost.
1482 3029 1760 3081 Homilia.

159 3156 173 3181 ,
209 3084 332 3198 ⁶2„ae
368 3090 749 3231 arigitis
759 3090 924 3230 {12220
971 3097 1281 3224 {3222
1696 3099 1763 3150 ‘²2

138 3235 212 3295 te,
242 3247 420 3301 quum
448 3231 741 3303 Augustae
775 3233 925 3287 Tau-
