2250 3810
465 128 2184 332 C,
945 174 1121 253 30
1274 171 1510 266 ‘lios

943 432 1364 525 matthaeus
1397 435 1721 520 Filiuellu

759 561 793 594 E
824 559 1159 596 TAURINENSI
1192 562 1602 597 THEOLOGORUM
1636 559 1903 596 COLLEGIO

836 634 927 668 DEI
962 634 1030 668 ET
1062 634 1409 670 APOSTOL¹CAE
1440 634 1605 669 SEDIS
1621 633 1829 669 GRATIA

674 717 1044 762 EPISCOPUS
1086 718 1584 768 EPOREDIENSIS
1627 718 1716 762 ET
1757 715 1989 762 COMES

524 804 796 850 Venerabili
826 814 872 851 et
896 807 1134 853 Universo
1157 808 1299 853 Clero
1323 808 1561 852 Dioecesis
1590 807 1804 852 Salutem
1834 806 1883 849 in
1908 805 2135 848 Domino.

619 901 722 944 UM
751 901 906 946 Nobis
937 903 998 947 sit
1030 912 1331 960 compertum
1362 904 1541 961 Proprii
1571 902 1810 947 Dioecesis
1841 914 2023 945 novam
2059 900 2143 943 im·

643 962 936 1017 pressionem
967 977 997 1006 a
1019 963 1172 1008 Vobis
1202 964 1475 1014 desiderari,
1506 963 1669 1008 vestris
1702 968 1968 1006 annuentes
2002 959 2137 1008 votis,

523 1028 767 1064 exaratum
790 1035 820 1064 a
845 1022 1205 1068 Praedecessore
1231 1023 1413 1068 Nostro
1434 1023 1634 1080 Aloysio
1660 1023 1864 1066 Moreno
1897 1020 2053 1065 felicis
2077 1031 2143 1062 re·

524 1080 832 1132 cordationis,
851 1083 1124 1138 complures
1141 1083 1385 1140 requirens
1407 1082 1771 1133 emendationes
1790 1081 1956 1137 quoad
1982 1080 2146 1135 aliqua

525 1139 695 1184 Officia
727 1154 759 1184 a
781 1141 828 1184 S
858 1140 981 1192 Sede
1014 1141 1287 1193 reformata.
1317 1143 1697 1200 recognovimus,
1733 1141 1927 1190 Pariter.
1958 1141 2026 1184 ad
2050 1150 2146 1182 ma-

519 1200 672 1256 jorem
697 1187 1011 1244 Sacerdotum
1036 1203 1448 1253 commoditatem,
1468 1214 1582 1258 quae
1604 1199 1763 1244 officia
1780 1200 2078 1256 Jamdudum
2100 1199 2145 1240 in

527 1258 751 1304 omnibus
777 1259 1122 1305 Breviariorum
1147 1262 1439 1306 editionibus
1471 1261 1702 1317 impresSa
1733 1259 2047 1303 inveniuntur
2069 1270 2148 1302 cu-

525 1319 733 1362 ravimus
765 1323 1101 1375 expungenda.
1128 1322 1444 1377 adiungenda
1474 1328 1649 1370 autem,
1679 1326 1928 1387 tamquam
1965 1327 2148 1363 nostrae

529 1378 808 1422 Dioeceseos
841 1379 1048 1435 propria,
1076 1393 1106 1424 a
1128 1380 1319 1424 duobus
1343 1379 1571 1437 proximis
1597 1379 1787 1423 Nostris
1813 1379 2146 1423 Praedecesso·

526 1438 670 1488 ribus,
699 1451 906 1494 quorum
931 1440 1165 1486 memoria
1186 1441 1232 1483 in
1256 1440 1594 1484 benedictione
1625 1447 1710 1491 est,
1737 1438 1825 1482 rite
1848 1438 2144 1483 introducta.

648 1523 710 1566 Et
735 1523 840 1567 Nos
866 1524 962 1579 Ipsi
987 1525 1196 1568 maxima
1217 1524 1361 1568 animi
1385 1523 1554 1568 laetitia
1574 1524 1845 1579 gaudentes
1867 1523 1965 1566 alte
2003 1523 2148 1566 fixam

528 1595 630 1626 esse
667 1582 714 1625 in
754 1583 951 1639 popu10‚
979 1583 1177 1628 Nostrae
1213 1597 1342 1628 curae
1380 1583 1652 1634 commisso,
1680 1581 1992 1626 devotionem
2033 1593 2150 1637 erga

531 1642 580 1686 Β.
605 1642 673 1686 Μ,
694 1641 749 1686 V.
781 1642 887 1692 Dei.
910 1643 1155 1700 nostrique
1180 1644 1401 1694 Matrem,
1429 1651 1475 1686 et
1500 1654 1613 1698 erga
1636 1617 2027 1686 Sacratissimum
2052 1640 2151 1686 Cor

532 1701 643 1759 lesu
666 1701 843 1745 Christi
867 1702 926 1746 Ι)
959 1703 1020 1747 Ν,
1033 1717 1097 1753 ,a
1120 1703 1267 1756 Sacra
1292 1703 1487 1747 Rituum
1511 1701 1901 1758 Congregatione
1924 1702 2150 1746 obtinere

527 1761 798 1804 studuimus
821 1769 921 1804 tum
945 1738 1171 1806 Officium
1195 1763 1457 1819 proprium,
1482 1762 1581 1805 sive
1608 1760 1657 1804 Β.
1680 1761 1751 1806 M.
1772 1760 1828 1804 V.
1857 1761 1998 1805 titulo
2020 1761 2149 1804 Con-

528 1820 778 1863 solationis
802 1821 987 1872 Matris,
1011 1823 1111 1878 Jam
1144 1823 1330 1878 pridem
1354 1821 1699 1866 Archidioecesi
1721 1820 2010 1864 Taurinensi
2038 1832 2152 1864 con-

528 1892 728 1929 cessum,
757 1892 865 1923 cum
891 1881 1004 1925 illud
1029 1882 1076 1926 Β
1100 1882 1381 1938 Margaritae
1406 1881 1578 1925 Mariae
1598 1880 1853 1935 Alacoque,
1872 1880 2152 1924 devotionis

528 1953 641 1996 erga
663 1940 732 1983 SS
771 1939 867 1984 Cor
888 1940 999 1996 Jesu
1031 1942 1175 1985 almae
1207 1940 1567 1998 propagatricis
1600 1941 1737 1991 Item,
1765 1952 1932 1996 quum,
1959 1940 2066 1984 sive
2101 1940 2149 1982 in

531 1998 748 2049 Civitate.
764 2000 860 2043 sive
879 2000 925 2042 in
947 2000 1154 2044 Dioecesi
1175 2000 1341 2045 multae
1354 2002 1448 2044 sint
1468 2001 1698 2044 Ecclesiae
1715 2001 1909 2043 Sanctae
1930 2000 1980 2042 M
1990 1999 2154 2043 artha}

528 2051 707 2114 Virgini
738 2060 923 2108 dicatae,
954 2060 1073 2104 votis
1095 2060 1412 2116 complurium
1439 2055 1728 2104 Curatorum
1756 2059 2032 2102 animarum
2068 2072 2152 2103 an-

535 2125 750 2168 nuentes,
795 2119 1092 2163 obtinuimus
1131 2128 1181 2163 ut
1220 2120 1394 2164 festum
1430 2120 1571 2177 hujus
1610 2120 1804 2163 Sanctae
1830 2118 2050 2175 Virginis
2091 2120 2151 2162 ad

528 2178 668 2221 ritum
693 2178 931 2233 duplicem
955 2179 1240 2223 eveheretur.

647 2248 834 2302 Quibus
857 2252 940 2294 rite
964 2252 1209 2300 ordinatis.
1235 2252 1521 2295 mandamus
1541 2250 1839 2293 Kalendaria
1860 2263 2043 2298 annua,
2069 2264 2154 2293 seu

529 2308 784 2352 directorna
807 2310 947 2353 divin
939 2324 1072 2353 trum
1098 2324 1292 2366 precum
1316 2311 1541 2379 deinceps
1564 2311 1626 2353 ad
1653 2310 1864 2353 tramites
1885 2310 2033 2365 liujus
2053 2311 2154 2354 edi

529 2368 674 2411 tionis
697 2370 894 2412 omnino
912 2370 1115 2413 confici:
1137 2371 1363 2414 universis
1383 2383 1492 2413 vero
1515 2376 1559 2413 et
1583 2369 1783 2425 singulis
1807 2377 1902 2412 tam
1920 2368 2156 2413 Civitatis

529 2440 673 2483 quam
700 2427 934 2472 Dice-cesis
959 2430 1303 2474 Ecclesiasticis
1328 2430 1445 2482 viris,
1469 2438 1516 2473 et
1542 2430 1791 2472 Sacrarum
1816 2428 2019 2471 laudum
2048 2430 2158 2497 lege

529 2487 773 2537 devinctis,
800 2488 849 2531 id
881 2501 1073 2545 quoque
1107 2489 1154 2532 in
1187 2490 1358 2534 virtute
1389 2500 1573 2535 sanctae
1596 2487 1889 2532 obedientiae
1922 2489 2158 2545 praecipi-

530 2559 649 2596 mus
670 2557 720 2590 ut
745 2547 851 2590 haec
869 2548 1029 2591 divina
1047 2548 1216 2593 Officia
1239 2550 1316 2617 pie
1339 2550 1613 2605 suscipiant,
1638 2549 1876 2603 istumque
1899 2547 1988 2590 sibi
2018 2561 2158 2592 com—

528 2611 753 2661 parantes
788 2607 997 2651 libellum
1031 2623 1088 2651 ea
1119 2610 1460 2658 continentem,
1490 2609 1677 2664 publice
1701 2621 1756 2649 ac
1779 2606 2001 2673 privatim
2035 2609 2159 2651 reci-

530 2673 644 2709 tent.
676 2665 776 2710 Vos
805 2669 998 2711 tandem
1033 2681 1275 2725 imogamus
1304 2668 1547 2712 Carissimi
1572 2676 1617 2711 et
1642 2668 1947 2710 obsecramus
1970 2666 2025 2709 in
2055 2668 2162 2711 Do-

530 2725 802 2791 minoJesu.
825 2735 874 2770 ut
893 2740 1013 2783 quor
1017 2742 1094 2770 um
1114 2728 1280 2771 laudes
1297 2728 1495 2783 persolv
1484 2728 1576 2776 itis,
1598 2735 1645 2770 et
1661 2725 1954 2782 praeconium
1971 2725 2161 2775 facitis.

531 2784 724 2828 virtutes
747 2799 940 2842 quoque
956 2787 1262 2836 aeniuiemini,
1282 2787 1500 2841 exempla
1517 2786 2163 2842 sequamini,constamian1

529 2850 575 2886 et
600 2846 743 2887 robur
766 2846 1048 2896 induamini:
1065 2848 1131 2890 ita
1155 2848 1352 2896 eveniet,
1375 2855 1424 2890 ut
1442 2846 1788 2901 divinajugiter
1801 2844 1938 2887 offici·
1943 2859 1958 2887 t
1977 2846 2160 2902 digne,

529 2911 710 2947 attente
732 2918 787 2947 ac
811 2907 984 2949 devote
1007 2908 1275 2956 recitantes,
1304 2919 1505 2962 quorum
1530 2904 1790 2961 gloriamur
1812 2904 2078 2959 triumphis
2105 2919 2166 2949 ac

531 2965 766 3018 praesidiis
789 2964 1000 3016 fruimur,
1029 2967 1322 3010 consortium
1347 2974 1393 3009 et
1416 2965 1593 3008 habere
1615 2965 1854 3019 possimus
1877 2963 1922 3005 in
1947 2965 2118 3010 coelis.
2183 2965 2184 2970 ’

652 3035 920 3104 Eporediae
951 3064 976 3092 e
1014 3051 1193 3106 palatio
1230 3050 1409 3094 Nostro
1445 3048 1733 3105 Episcopali,
1763 3046 1918 3090 Nonis
1952 3027 2184 3093 Martii&

528 3120 558 3149 a
581 3107 760 3152 Sancto
783 3110 976 3153 Thoma
999 3111 1241 3165 Aquinate
1263 3110 1568 3153 solemnibus
1631 3135 1635 3137 ἡ

1324 3193 1683 3271 matthaei&
1715 3208 2024 3253 Episcopus,

1965 3355 2185 3370 *A
