2250 3810
111 1342 116 1409 Ι

119 690 125 827 i

511 356 622 397 Dm
649 346 714 397 28
745 357 906 398 ΜΑΙΙ.
938 376 1007 383 -
1036 358 1080 399 s.
1115 359 1358 399 URBANI
1390 359 1429 400 1.

204 462 271 512 In
306 464 389 529 iij.
422 465 731 527 Νοίῖτινηο,
768 466 936 519 Hom.

174 529 311 598 Quia
365 533 642 588 Dominus
681 550 748 588 ac
789 535 938 589 Red-
980 588 984 594 .

173 600 398 670 emptor.
479 607 544 658 de
612 604 934 670 Communi,

170 690 285 725 cum
305 673 507 746 aviij.
533 675 777 730 Domine
796 693 939 746 prae-

170 743 377 799 venisti.

218 858 341 912 DIE
371 860 653 917 XXVIII.
688 862 881 916 ΜΑΙΙ.

305 935 371 992 S.
410 937 695 994 Urbani
742 941 793 993 Ι.

211 1013 378 1081 Papa»
401 1014 587 1066 Mart.
624 1015 872 1082 Duplex.

193 1165 205 1169 -
437 1095 659 1151 Oratio.

173 1219 176 1222 ,
368 1167 418 1219 Α
460 1181 787 1236 quaesumus
819 1184 931 1221 om-

173 1275 193 1312 3-
352 1251 354 1278 ν
393 1237 660 1307 nipotens
713 1238 868 1292 Deus

174 1278 328 1359 ,Aj-
391 1318 455 1363 ut
495 1309 592 1378 qui
638 1308 791 1362 beati
833 1311 939 1364 Ur-

162 1375 288 1431 bani
326 1379 600 1449 Martyris
636 1380 718 1434 tui
764 1387 937 1448 atque

162 1448 443 1504 Pontificis
483 1450 761 1504 solemnia
805 1451 937 1505 coli-

160 1535 293 1583 muS‚
323 1522 444 1591 ejus
485 1521 638 1591 apud
678 1529 733 1576 te
769 1522 937 1576 inter-

159 1592 500 1647 cessionibus
574 1593 930 1661 adjuvemur.

158 1662 259 1716 Per
283 1664 598 1717 Dominum
626 1673 896 1718 nostrum.

186 1736 255 1787 ln
284 1738 336 1805 j.
382 1737 700 1799 Noaurm,
731 1738 939 1789 Lenio-

154 1822 245 1858 nes
278 1809 344 1861 de
389 1810 437 1861 S
435 1809 702 1874 criptura
752 1825 938 1861 occur-

153 1886 310 1932 rente.

280 1962 343 2012 In
370 1962 448 2014 11.
489 1960 794 2013 Nocturno.

382 2032 597 2084 nertin
638 2031 715 2083 iu.

319 2257 390 2300 :ja
442 2240 660 2296 Severo
695 2241 939 2308 impera-

174 2313 176 2315 ’
257 2307 306 2327 V
339 2308 392 2342 “⁷
443 2313 589 2375 tore,

149 2388 205 2434 et
228 2381 367 2437 vitae
392 2381 704 2437 sanctitate
733 2385 939 2436 multos

148 2452 220 2505 ad
247 2453 460 2508 Christi
489 2453 659 2507 fidem
699 2454 935 2507 conver-

149 2523 215 2576 tit
260 2543 272 2578 :
311 2524 367 2578 in
412 2525 526 2579 illis
562 2523 935 2579 Valerianum

675 2311 936 2366 doctrina

94 2607 97 2650 ε
146 2593 333 2650 beatae
361 2595 622 2651 Caeciliae
642 2611 931 2664 sponsum,

92 2653 97 2770 i

144 2673 199 2718 et
248 2666 577 2721 Tiburtium
640 2666 937 2720 Valeriani

143 2735 404 2804 fratrem,
429 2738 533 2807 qui
561 2737 761 2806 postea
789 2754 937 2792 mar-

139 2810 361 2879 tyrium,
398 2809 538 2863 forti
578 2807 771 2862 animo
810 2809 936 2862 sub-

140 2879 345 2936 ierunt.
434 2880 549 2933 Hic
623 2879 693 2933 de
772 2879 936 2934 bonis

90 2937 95 2964 ¹
137 2950 411 3007 Ecclesiae
454 2949 745 3004 attributis
804 2952 933 3005 scri-

87 2983 93 3114 ι
139 3024 250 3090 psit
276 3024 368 3078 his
394 3021 592 3076 verbis
631 3041 643 3075 z
672 3023 819 3089 Ipsae
849 3038 935 3075 res

90 3125 93 3136 ›
137 3094 418 3158 fidelium,

490 3108 624 3161 quae
689 3092 933 3146 Domino

85 3159 91 3262 Ι
136 3164 625 3228 offeruntur,non
645 3162 932 3217 debentin

84 3273 89 3318 i
135 3237 278 3292 alios
331 3252 493 3300 usuS,
540 3249 713 3302 quam
757 3236 932 3289 eccle-

407 2097 663 2168 ‚Rban-us
726 2099 941 2153 Roma-

285 2208 290 2233 ἶ
361 2160 393 2255 J
442 2185 568 2236 ηας,
606 2170 939 2224 Alexandro
1000 2190 1051 2243 μ

993 464 1268 532 siasticOS,
1324 474 1382 519 et
1444 466 1778 521 christiano-

995 552 1117 591 rum
1170 537 1428 601 fratrum,
1486 540 1573 591 vel
1638 538 1778 592 indi-

993 607 1252 677 gentium
1293 609 1549 662 converti
1590 628 1601 662 :
1640 610 1777 678 quia

994 686 1134 733 vota
1189 686 1319 733 sunt
1380 680 1651 745 fidelium,
1718 688 1776 734 et

994 750 1179 818 pretia
1252 751 1640 819 peccatorum,
1708 767 1775 805 ac

993 820 1341 889 patrimonia
1444 821 1772 891 pauperum.

993 892 1153 947 Sedit
1192 909 1375 947 annos
1407 909 1524 956 sex,
1557 909 1778 946 menses

993 970 1232 1032 septem,
1264 964 1384 1017 dies
1410 963 1678 1032 quatuor;
1708 980 1776 1017 ac

993 1036 1273 1105 martyrio
1323 1034 1632 1089 coronatus
1693 1050 1774 1087 se·

993 1104 1184 1174 pultus
1224 1113 1307 1160 est
1345 1106 1402 1159 in
1442 1105 1775 1160 coemeterio

995 1176 1350 1240 Praetextati,
1394 1177 1604 1231 octavo
1659 1178 1775 1230 Ka-

926 1259 938 1292 t
993 1247 1193 1301 lendas
1230 1247 1401 1318 Junii.
1449 1247 1774 1302 Ordinatio-

993 1318 1156 1373 nibus
1229 1320 1480 1389 quinque
1569 1319 1776 1373 habitis

993 1406 1186 1443 mense
1215 1391 1536 1456 Decembri,
1559 1391 1776 1444 creavit

996 1462 1364 1532 Presbyteros
1391 1478 1615 1527 novem,
1641 1461 1774 1515 Dia-

993 1547 1168 1585 conos
1218 1533 1490 1601 quinque,
1547 1532 1775 1601 Episco-

994 1619 1095 1672 pos
1112 1619 1215 1671 per
1231 1603 1457 1657 diversa
1476 1604 1603 1657 loca
1625 1609 1773 1656 octo,

1029 1674 1110 1727 R.
1149 1673 1486 1728 Honestum.

1012 1767 1213 1820 Sermo
1240 1765 1419 1818 sancti
1449 1763 1756 1833 Augustini

1245 1835 1527 1905 Episcopi.

994 1930 1080 1980 De
1092 1928 1152 1980 S.
1169 1927 1214 1979 C
1199 1928 1454 1995 yprz’ano
1472 1930 1654 1977 Serm.
1666 1923 1764 1992 xij

1240 2011 1444 2069 Eettin
1471 2024 1524 2068 n.

1052 2131 1155 2175 ⁴Q
1207 2098 1507 2154 Ermonem
1595 2099 1775 2168 exigit

1228 2178 1346 2225 tam
1376 2179 1563 2240 grata,
1596 2179 1651 2224 et
1691 2185 1772 2223 re-

1083 2240 1181 2281 ’·”’”·-
1228 2243 1432 2312 ligiosa
1511 2242 1774 2295 solemni-

991 2319 1096 2379 ἵεις,
1127 2327 1242 2380 qua
1269 2312 1594 2380 passionem
1618 2311 1772 2366 beati

993 2382 1266 2454 Martyris
1287 2382 1506 2437 Urbani
1525 2381 1775 2438 celebra-

993 2470 1134 2507 mus,
1169 2455 1366 2507 Tristis
1399 2452 1774 2525 proculdubio

993 2531 1131 2578 tunc
1185 2525 1436 2579 Ecclesia
1488 2524 1613 2588 fuit,
1658 2540 1773 2577 non

990 2596 1206 2649 damno
1244 2596 1515 2664 cadentiS‚
1542 2597 1641 2650 sed
1680 2596 1773 2651 de-

990 2667 1199 2721 siderio
1243 2668 1589 2731 recedenti53
1629 2684 1773 2722 sem-

992 2754 1093 2807 per
1129 2738 1362 2806 cupiens
1399 2739 1593 2793 vide're
1629 2755 1773 2808 prae-

990 2809 1209 2863 sentem
1252 2819 1372 2864 tam
1426 2812 1638 2864 bonum
1690 2828 1773 2864 re-

989 2881 1225 2944 ctorem,
1257 2890 1430 2950 atque
1457 2881 1765 2936 doctorem.

989 2952 1101 3006 Sed
1130 2968 1272 3021 quos
1307 2952 1592 3005 afflixerat
1627 2953 1773 3005 solli-

988 3022 1182 3077 citudo
1204 3022 1548 3085 certaminiS,
1576 3037 1770 3075 conso-

987 3092 1107 3147 lata
1147 3101 1231 3146 est
1270 3092 1483 3146 corona
1522 3090 1766 3147 victoris

990 3165 1061 3216 Et
1090 3179 1241 3217 nunc
1282 3179 1395 3216 non
1435 3163 1614 3215 solum
1654 3163 1774 3217 sine

989 3235 1102 3288 ulla
1123 3233 1370 3299 tristitia,
1383 3249 1582 3286 verum
1600 3232 1770 3287 etiam
