2250 3810
516 325 988 369 KALENDARNJM
1018 328 1424 370 PERPETUUM.
1700 316 1762 369 81

206 441 230 481 8

203 512 230 555 9

180 571 231 602 10

182 631 229 660 11
263 619 310 663 S.
335 619 505 666 Leonis
531 623 568 667 1.
602 623 715 680 Pap.
746 623 884 668 Conf.
915 631 962 668 et
986 624 1150 676 Doc‘h,
1177 626 1311 682 dupl.

181 678 258 720 12*
287 679 330 723 S.
359 680 467 735 Julii
497 682 528 725 1.
564 682 676 739 Pap.
706 690 752 727 et
777 683 936 734 Conf..
966 684 1096 740 dupl.

180 750 230 794 13
287 738 330 783 S.
361 739 723 798 Hermenegildi
749 743 912 793 Mart..
940 744 1191 801 semidupl.

180 810 230 851 14
286 797 333 843 S.
356 799 527 856 Justini
555 801 694 847 Matt.
723 802 853 858 dupl.
888 803 1062 848 Comm.
1092 803 1173 848 SS.
1203 803 1247 846 Τ
1249 803 1405 846 iburtii
1430 810 1477 847 et
1500 804 1607 848 Soc.
1638 802 1766 846 MM.

177 867 228 958 {g
389 891 392 894 .
788 930 804 969 ι·
932 886 935 889 ,

177 975 255 1076 1Ξῦ
286 977 333 1027 S.
358 979 548 1023 Aniceti
575 980 690 1037 Pap,
718 988 766 1024 et
790 981 955 1031 Mart.,
983 981 1110 1038 dupl.

174 1047 255 1196 ig*
284 1094 329 1140 S.
360 1097 537 1143 Leonis
563 1099 647 1144 IX.
679 1099 794 1154 Pap.
822 1107 869 1144 et
892 1099 1054 1151 Confi,
1082 1100 1212 1158 dupl.

174 1226 224 1256 21
285 1215 329 1260 S.
358 1217 571 1262 Anselmi
596 1218 683 1274 Ep.
715 1217 853 1262 Conf.
883 1226 929 1262 et
954 1219 1116 1268 Doct..
1146 1221 1276 1277 dupl.

173 1273 252 1316 22*
285 1275 364 1320 SS.
394 1277 578 1320 Soteris
599 1285 646 1321 et
669 1276 775 1335 Caji
805 1279 939 1322 Pont.
968 1287 1016 1322 et
1043 1279 1205 1330 Mart„
1234 1280 1368 1338 dupl.

173 1330 253 1389 23*
285 1334 333 1380 S.
360 1336 558 1393 Georgii
585 1337 750 1389 Mart.,
778 1338 909 1395 dupl.

166 1404 226 1446 ⁴24
284 1393 329 1439 S.
360 1395 540 1440 Fidelis
562 1410 591 1440 a
613 1397 917 1454 Sigmaringa
941 1397 1103 1448 Mart„
1133 1399 1262 1457 dupl.

169 1462 223 1507 25
284 1453 329 1498 S.
361 1454 518 1500 Marci
544 1456 877 1513 Evangelistae,
907 1457 1032 1513 dupl.
1066 1457 1116 1514 ij.
1146 1459 1324 1502 classis.

170 1511 252 1554 26*
288 1513 336 1558 B.
368 1515 543 1559 Mariae
565 1515 769 1572 VIrginis
792 1517 852 1561 de
877 1516 1012 1560 Bono
1035 1516 1267 1569 Consilio,
1292 1518 1424 1574 dupl.
1456 1517 1565 1572 maj.

169 1574 252 1625 27⁴⁵
287 1573 332 1617 S.
360 1574 608 1619 Anastasii
637 1575 670 1618 1.
704 1576 819 1632 Pap.
849 1583 895 1619 et
919 1575 1050 1619 Conf
1068 1611 1077 1627 ,
1107 1577 1239 1633 dupl.

170 1631 251 1673 28*
282 1632 363 1679 SS.
389 1633 517 1679 Cleti
534 1641 580 1677 et
597 1634 891 1679 Marcelliani
921 1635 1060 1680 Pont.
1084 1643 1130 1691 et
1153 1635 1316 1686 Mart..
1341 1636 1471 1692 dupl.
1500 1637 1573 1688 (ex
1586 1636 1643 1678 26
1656 1634 1780 1690 huj.)

343 1694 522 1738 Comm.
552 1693 599 1737 S.
630 1690 800 1738 Vitalis
826 1695 969 1738 Mart.

172 1762 227 1806 29
286 1752 330 1797 S.
366 1752 495 1798 Petri
522 1752 685 1803 Mart..
711 1754 845 1810 dupl.

168 1822 223 1865 30
281 1813 327 1856 S.
357 1811 643 1857 Catharinae
664 1813 887 1858 Senensis
910 1814 1060 1870 virg..
1089 1813 1220 1870 dupl.

693 1923 965 1973 FESTUM
1004 1922 1273 1971 MOBILE.

283 2003 482 2049 Domin.
531 2005 620 2050 111.
645 2012 752 2061 post
780 2006 981 2056 Pascha,
1024 2004 1277 2048 patrocinii
1314 2004 1359 2048 S.
1400 2003 1576 2059 Joseph
1611 2002 1784 2061 Sponsi

341 2064 392 2109 B.
426 2065 607 2108 Mariae
629 2065 706 2115 V..
735 2065 865 2122 dupl.
896 2066 945 2121 ij.
975 2065 1110 2107 class.
1145 2064 1320 2109 Comm.
1351 2063 1542 2108 Domin.

864 2173 1085 2223 MAIUS.
1108 2181 1113 2185 ’

199 2269 219 2298 1
283 2256 366 2301 SS.
399 2257 607 2312 Phihppi
633 2264 678 2300 et
700 2255 884 2312 Jacobi,
911 2257 1022 2312 Ap.,
1051 2256 1178 2312 dupl.
1211 2255 1260 2310 ij.
1293 2255 1424 2299 class.

195 2327 223 2357 2
283 2315 331 2360 S.
358 2316 619 2360 Athanasii
644 2316 732 2372 Ep.
762 2315 904 2360 Conf.
933 2323 980 2359 et
1006 2314 1169 2366 Doch,
1198 2314 1329 2370 dupl.

196 2388 223 2432 3
286 2375 513 2421 Iuventio
539 2375 620 2419 SS.
651 2375 822 2419 Crucis
845 2375 905 2419 D.
937 2374 997 2418 N.
1025 2374 1067 2430 J.
1098 2373 1175 2425 C..
1204 2373 1335 2429 dupl.
1366 2372 1417 2428 ij.
1447 2372 1579 2415 class.
1608 2374 1781 2417 Comm.

343 2435 428 2480 SS.
461 2435 648 2479 Eventii
673 2443 720 2479 et
744 2435 852 2478 Soc,
884 2435 1028 2477 Mart.

194 2508 222 2548 4
285 2495 332 2539 S.
364 2496 588 2539 Monieae
611 2494 740 2545 vid..
767 2494 898 2551 dupl.

198 2564 223 2608 5
287 2554 334 2598 S.
367 2554 440 2598 Pii
465 2554 524 2597 V.
558 2554 672 2610 Pap.
701 2561 748 2597 et
773 2552 934 2604 Confi,
963 2552 1091 2608 dupl.

193 2612 222 2655 6
284 2614 331 2659 S.
360 2614 568 2671 Joannis
589 2613 681 2669 Ap.
712 2621 759 2657 et
786 2612 869 2656 Ev.
897 2620 1007 2656 ante
1033 2612 1225 2655 Portam
1254 2611 1489 2662 Latinam,
1519 2611 1648 2667 dupl.
1673 2608 1783 2665 maj.

198 2673 253 2727 7*
287 2674 336 2718 S.
369 2672 621 2718 Benedicti
653 2672 712 2717 ΙΙ.
747 2673 858 2729 Pap.
891 2671 1052 2722 Confi,
1081 2672 1209 2729 dupl.

195 2733 220 2774 8
286 2732 552 2790 Apparitio
575 2732 620 2775 S.
652 2731 905 2775 Michaelis
927 2731 1230 2789 Archangeli,
1258 2731 1389 2789 dupl.
1421 2730 1537 2787 maj.

190 2806 220 2848 9
282 2792 330 2839 S.
362 2791 588 2849 Gregorii
615 2791 839 2836 Nazianz.
869 2791 956 2847 Ep.
988 2790 1127 2835 Conf.
1156 2798 1200 2834 et
1226 2790 1387 2842 Doct„
1417 2790 1547 2848 dupl.

166 2864 221 2894 10
283 2853 330 2896 S.
363 2851 602 2895 Antonini
628 2850 716 2907 Ep.
745 2858 793 2894 et
816 2850 975 2901 Confi,
1004 2851 1135 2907 dupl.
1170 2851 1343 2895 Cotum.
1373 2851 1456 2895 SS.
1486 2849 1718 2893 Gordiani
1743 2857 1791 2893 et

344 2912 459 2956 Soc.
492 2911 638 2955 Mart.

165 2971 249 3015 11*
284 2972 333 3017 S.
367 2971 612 3015 Francisci
637 2970 696 3013 de
723 2969 1018 3025 Hieronymo
1043 2969 1204 3019 Confi,
1232 2969 1363 3025 dupl.

163 3045 217 3075 12
283 3032 370 3076 SS.
402 3030 553 3075 Nerei
577 3038 624 3073 et
647 3030 757 3074 Soc.
786 3029 946 3078 Mart„
975 3028 1226 3085 semia'upl.

165 3093 248 3148 13*
282 3092 330 3135 S.
369 3089 612 3145 Peregrini
643 3088 824 3131 Latiosi
851 3087 1010 3138 Conf„
1037 3088 1167 3144 dupl.

162 3151 248 3208 14*
282 3152 327 3196 S.
360 3148 612 3193 Paschalis
631 3148 661 3190 1.
697 3149 810 3204 Pap.
840 3147 1001 3196 Conf..
1025 3146 1154 3201 dupl.
1191 3145 1367 3187 Comm.
1393 3144 1441 3189 S.
1466 3142 1697 3187 Bonifacii
1718 3142 1786 3187 M.

165 3225 221 3269 ¹5
286 3213 334 3256 S.
364 3208 577 3267 Joannis
602 3207 837 3263 Baptistae
863 3208 923 3250 de
947 3207 993 3249 la
1017 3206 1143 3249 Salle
1169 3204 1330 3253 Confi,
1359 3204 1494 3260 dupl.

372 3361 546 3401 Pisaur.
571 3380 620 3387 -
644 3359 785 3397 Verna
804 3359 828 3396 6
