2250 3810
427 352 500 388 20

420 496 598 605 {num
630 480 871 545 videtur,
897 480 1048 565 quod
1075 496 1205 535 cum

480 550 686 606 onatus
747 550 1049 606 Missarum
1117 568 1207 605 so-

421 622 635 677 lemnia
700 622 1020 693 perageret,
1071 622 1206 677 cali-

372 695 660 762 cemque
679 694 918 748 vitreum
943 694 1207 748 Antimus
1261 693 1463 746 nertin
1489 699 1590 758 bij

372 764 714 820 'Diaconus
732 782 833 836 pro
850 782 952 819 suo
972 764 1205 819 munere

372 831 496 891 ad
542 834 726 891 altare
766 835 1037 910 gestaret,
1079 835 1204 890 infi-

370 908 374 975 j
420 907 633 962 delium
684 907 979 962 hominum
1035 908 1204 961 turba

420 978 656 1043 irruenS‚
720 978 957 1033 calicem
1020 978 1203 1047 ipsum

422 1065 522 1120 per
536 1066 817 1105 summam
841 1050 957 1103 vim
975 1066 1005 1103 e
1029 1066 1202 1103 manu

422 1121 665 1176 Diaconi
692 1122 980 1176 extortum
1011 1121 1064 1174 in
1092 1127 1202 1174 ter-

420 1209 543 1246 ram
571 1193 778 1262 dejecit
813 1208 966 1261 :quo
1005 1192 1062 1245 in
1103 1191 1202 1246 mi·

421 1264 716 1318 nutissima
744 1263 1072 1333 fragmenta
1093 1263 1202 1317 dis-

414 1334 569 1405 jecto
595 1334 895 1389 subsistere
923 1333 979 1387 in
1009 1334 1202 1388 Missae

419 1405 702 1461 sacrificio
730 1404 994 1460 Donatus
1032 1422 1203 1473 coge-

418 1476 604 1544 batur,
647 1476 749 1531 nisi
795 1476 993 1532 divina
1042 1476 1203 1531 efful-

419 1547 579 1603 sisset
621 1548 831 1618 gratia,
881 1564 983 1618 per
1025 1564 1201 1618 quam

419 1621 542 1674 solo
583 1619 764 1675 crucis
803 1621 997 1683 ductu,
1047 1619 1201 1704 frag-

420 1691 614 1745 menta
640 1692 694 1745 in
733 1691 979 1761 priorem
1011 1688 1204 1744 calicis

417 1762 666 1816 formam
745 1759 1196 1844 coagmentavit.

422 1834 584 1897 Haec,
617 1842 673 1888 et
699 1832 812 1887 alia
838 1832 1004 1902 hujus
1027 1832 1204 1902 gene-

367 1922 370 1975 ζ
417 1904 492 1959 ris
526 1904 870 1975 quamplura
909 1921 1039 1959 cum
1077 1912 1203 1974 per-

417 1975 609 2044 inique
647 1976 824 2030 ferret
856 1975 1200 2045 Quadratia-

420 2063 524 2101 nus
586 2046 802 2116 Juliani
871 2046 1196 2116 praefectuS,

366 2171 369 2189 ,
420 2117 733 2187 Donatum,
779 2126 836 2172 et
885 2117 1022 2172 fidei
1067 2134 1199 2172 con·

366 2196 369 2207 '
416 2189 646 2256 sortem,
691 2189 1066 2259 laborumque
1111 2188 1202 2243 5ό-

416 2261 566 2315 cium
590 2260 913 2315 Hilarinum
932 2259 1200 2327 advocat,

365 2346 369 2356 ’
416 2338 475 2385 et
517 2331 671 2386 idola
715 2331 976 2387 venerari
1014 2331 1194 2401 jubet.

419 2402 502 2456 Illi
548 2402 838 2458 costantes
879 2410 1098 2472 negant
1141 2418 1200 2456 se

364 2530 367 2541 ,
415 2481 641 2529 tantum
703 2477 884 2529 scelus
944 2489 1200 2542 unquam

364 2544 367 2563 '
415 2545 777 2600 admissuros

860 2545 1053 2614 Quare
1095 2593 1102 2598 .
1141 2544 1198 2597 in

414 2617 593 2672 oculis
617 2615 999 2686 Quadratiani
1039 2615 1197 2670 Hila-

414 2687 569 2742 rinus
589 2687 810 2742 tamdiu
834 2686 1072 2742 fustibus
1093 2703 1199 2741 cae-

364 2756 367 2765 ’
364 2759 582 2827 ditur,
627 2758 902 2828 quamdiu
942 2757 1197 2813 animam

363 2870 367 2953 l

362 3060 450 3151 ¹¹³

362 3253 367 3311 l

364 2852 367 2867 ι
410 2829 729 2884 exhalaret.
773 2829 1034 2884 Donatus
1071 2837 1200 2899 post

413 2902 490 2956 im
501 2899 699 2954 manes
715 2899 1000 2954 cruciatus
1015 2900 1197 2955 securi

362 2970 744 3042 percutitur.
780 2972 1036 3053 Quorum
1076 2972 1198 3026 cor-

413 3058 559 3113 pora
598 3059 633 3097 a
671 3042 991 3098 christianis
1018 3058 1197 3113 prope

413 3130 545 3168 eam
589 3108 785 3168 urbem
830 3115 1070 3169 honesto
1113 3131 1197 3169 se-

413 3184 612 3255 pt'ilcro
638 3185 870 3240 condita
897 3193 1045 3241 sunt.

451 3255 532 3312 R.
566 3257 744 3313 Stola.

748 349 857 388 DIE
872 352 922 406 9
954 348 1342 390 AUGUST1.—
1376 349 1421 389 S.
1457 349 1713 390 DONATI.

1394 480 1458 530 In
1486 481 1590 532 111.
1618 480 1919 533 Nocturno.

2113 292 2118 326 l

1262 550 1455 605 Lectio
1505 551 1687 610 sancti
1740 553 2048 637 Evangelii
2112 542 2116 568 ⁷

1325 622 1637 678 secundum
1664 622 1973 693 Joannem.

1759 697 2117 765 Capmxb·

1513 766 1523 818 l
1574 766 1672 820 illo
1722 766 1984 836 tempore
2035 788 2048 822 ε
2112 752 2118 806 ¹

1513 835 1657 891 Dixit
1692 838 1857 908 Jesus
1900 839 2049 893 Pha-

1513 907 1651 964 saeis
1695 909 1874 978 :Ego
1918 925 2047 964 sum
2116 941 2120 965 l

1261 1012 1450 1065 pastml
1499 995 1693 1033 nonus,
1724 979 1919 1034 Bonus
1945 997 2046 1050 pa·
2116 981 2120 1016 ‘v

1257 1057 1377 1103 stor
1425 1049 1680 1105 animam
1731 1067 1896 1105 suam
1942 1052 2048 1107 dat

1257 1137 1361 1190 pro
1396 1122 1599 1176 ovibus
1636 1122 1767 1176 suiS.
1802 1122 1872 1176 Et
1913 1123 2044 1177 reli-

1256 1209 1386 1262 qua.

1260 1263 1512 1318 Homilia
1532 1263 1713 1319 sancti
1732 1264 2046 1334 Augustini
2121 1323 2125 1334 ,

1507 1334 1787 1405 Episcopi.

1257 1408 1455 1458 Sermo
1479 1407 1515 1458 1.
1547 1408 1613 1461 de
1648 1410 1832 1461 verbis
1865 1409 2039 1463 Dom.

1553 1475 1802 1532 Jdiamus
1844 1477 2046 1532 Domi-

1553 1549 1877 1618 numJesum
1890 1565 2047 1603 com-

1553 1618 1914 1674 mendantem
1944 1637 2047 1675 no-

1553 1691 1626 1744 nis
1641 1690 1773 1745 boni
1794 1691 2046 1760 pastoris
2124 1736 2128 1746 .

1256 1772 1527 1814 orricium.
1540 1762 1604 1815 In
1622 1778 2046 1831 quacommen-

1256 1830 1490 1885 datione
1559 1833 1862 1888 admonuit
1938 1850 2047 1889 nos

1255 1901 1468 1973 utique,
1495 1912 1554 1958 ut
1578 1903 1819 1975 intelligi
1846 1904 2042 1972 datur,

1254 1974 1435 2029 bonos
1484 1992 1604 2030 esse
1654 1976 1932 2046 pastoreS‚
1984 1987 2047 2034 et
2123 1998 2127 2013 ·

1254 2052 1448 2100 tamen
1502 2063 1572 2101 ne
1623 2048 2044 2118 intelligeretur

1254 2117 1519 2185 perverso
1541 2119 1713 2173 modo
1732 2113 2045 2175 multitudo

1256 2189 1596 2257 pastorum:
1625 2191 1751 2259 Ego
1776 2206 1923 2257 sum,
1956 2190 2045 2246 in-

1254 2259 1395 2328 quit,
1442 2268 1644 2330 pastor
1686 2262 1869 2316 bonus

1256 2474 1473 2538 Pastor,
1495 2474 1696 2543 inquit,
1717 2476 1902 2530 bonus
1958 2476 2042 2530 ni-

1255 2561 1408 2599 mam
1457 2562 1619 2600 suam
1682 2562 1786 2615 pro
1835 2545 2044 2602 ovibus
2114 2597 2117 2612 ,

1252 2617 1416 2685 ponit
1461 2635 1474 2671 ε
1512 2615 1899 2672 mercenarius
1937 2635 2043 2673 au-

1252 2695 1389 2753 tem,
1421 2694 1479 2742 et
1514 2689 1610 2757 qui
1649 2704 1763 2742 non
1804 2695 1892 2743 est
1930 2705 2041 2758 pa-

1251 2767 1383 2826 stor,
1408 2758 1784 2829 videtlupum
1804 2760 2042 2814 venien·

1250 2837 1388 2897 tem,
1431 2837 1489 2884 et
1528 2830 1695 2900 fugit,
1740 2831 1877 2901 quia
1917 2848 2040 2886 non

1251 2908 1336 2955 est
1386 2901 1435 2955 ei
1487 2917 1624 2956 cura
1673 2903 1746 2957 de
1807 2902 2035 2973 ovibuS,

1253 2972 1636 3027 mercenarius
1708 2972 1862 3028 enim
1926 2981 2034 3031 est.

1255 3045 1455 3099 Pastor
1484 3060 1624 3114 ergo
1657 3044 1841 3099 bonus
1875 3046 2040 3101 Chri·

1248 3123 1384 3169 stus,
1440 3115 1591 3185 Quid
1639 3117 1876 3171 Petrus?
1918 3134 2039 3173 non

1249 3194 1333 3240 est
1364 3187 1546 3241 bonus
1574 3187 1811 3241 Pastor?
1838 3204 2039 3244 nonne

1247 3265 1305 3311 et
1331 3257 1447 3327 ipse
1469 3257 1728 3312 animam
1742 3274 1909 3313 suam
1931 3277 2040 3330 pro

1949 3369 2082 3376 ᾗ

1255 2331 1406 2385 unde
1456 2332 1527 2385 sit
1579 2339 1780 2402 pastor
1828 2271 2045 2398 bonni}
2118 2334 2122 2379 ἰ

1253 2403 1667 2472 consequenter
1761 2404 2036 2530 ostenglit.
2117 2408 2121 2423 ⁴
