2250 3810
494 346 561 399 32
675 343 786 384 DIE
814 346 845 400 5
875 344 1067 383 MART.
1097 361 1165 368 —·
1195 343 1243 383 B.
1276 343 1643 384 HIERONYMI
1674 344 1990 385 GHIRARD.

491 460 674 519 cimen
722 460 852 514 tulit
895 458 1106 513 futurae
1146 474 1275 511 san·
1333 474 1461 511 nem
1517 458 1673 527 pacis
1722 458 1941 513 mutuae
1990 476 2130 514 con-

490 530 721 585 ctitatiS.
808 532 951 584 Haec
1040 528 1275 583 emicuit
1331 529 1675 598 cordiaeque,
1717 545 1964 599 quarum
2007 531 2127 585 die·

487 601 852 671 splendidiuS‚
968 608 1271 670 postquam
1330 600 1433 653 bus
1458 600 1597 654 vitae
1623 615 1744 654 suae
1771 608 1979 655 auctor
1999 618 2125 656 esse

488 672 673 727 ordini
702 671 1083 726 Eremitarum
1146 688 1275 724 san-
1322 686 1441 723 rnon
1555 671 1734 724 desiit.
1817 672 2124 727 Demortui

488 744 563 797 cti
592 743 899 813 Augustini
928 758 1139 795 nomen
1179 742 1271 796 de·
1328 757 1534 811 corpus
1560 742 1614 794 in
1646 741 1858 795 feretro
1886 743 2122 797 decum-

486 814 583 868 dit.
597 814 943 868 Austerioris
960 812 1269 866 observan·
1328 813 1467 865 bens
1485 812 1677 881 populi
1705 812 1986 867 concursu
2011 815 2121 867 cir·
2152 796 2160 877 Ι

484 885 584 939 tiae
612 885 780 939 fuisse
818 883 1266 947 tenacissimum,
1326 882 1654 937 comdatum
1697 883 1901 953 insigni
1944 884 2120 939 mira-

483 956 866 1010 sanctimonia
928 954 1264 1019 declaravit,
1326 955 1454 1008 culo
1517 953 1800 1019 claruisse,
1852 955 2120 1009 asserunt

483 1043 597 1096 qua
620 1026 1269 1111 praedituspopuloprae-
1326 1025 1645 1105 scriptores,
1690 1025 1787 1094 qui
1829 1026 1902 1079 de
1948 1028 2120 1080 rebus

480 1097 726 1152 lucebat.
739 1096 1097 1151 Difficillimis
1116 1097 1267 1150 enim
1326 1096 1446 1164 ejus
1494 1096 1670 1165 gestis
1719 1095 1893 1150 locuti
1956 1106 2109 1152 sunt.

481 1168 589 1222 illis
629 1168 982 1237 temporibus
1016 1168 1265 1222 aestima-
1329 1166 1657 1220 Honorifice
1679 1166 1975 1221 conditum
2004 1169 2119 1223 fuit

479 1239 695 1292 tionem
739 1238 993 1292 omnium
1035 1254 1268 1307 compa·
1293 1236 1560 1319 'subinde
1596 1237 1702 1290 sub
1741 1237 1983 1293 alta1·:e
2020 1256 2116 1293 su-

480 1309 715 1364 raverat
754 1309 886 1373 sibi;
928 1308 1124 1378 itaque
1171 1310 1295 1363 de·
1322 1323 1427 1377 pra
1514 1309 1671 1377 quod
1754 1309 2113 1364 exstroctum

479 1380 745 1434 vinxerat
782 1380 1021 1443 animOS,
1058 1388 1119 1434 ut
1156 1380 1266 1433 dis·
1292 1366 1528 1433 ldeinde
1592 1388 1676 1434 est
1736 1379 1975 1450 elegans
2024 1397 2113 1436 sa·

478 1451 727 1506 sidentes
748 1449 1071 1515 conciliare,
1091 1458 1264 1519 atque
1324 1450 1547 1518 cellum,
1652 1451 1807 1520 quod
1907 1452 2115 1507 visitur

475 1520 1266 1578 intestinassimultatescom-
1319 1519 1653 1586 etiamnum,
1670 1522 2111 1592 supplicumque

477 1594 690 1663 ponere
717 1593 985 1663 potoerit.
1321 1591 1645 1660 frequentia
1671 1594 2009 1649 celebratur.

513 1666 594 1720 R.
631 1665 952 1719 Honestum
980 1664 1134 1718 fecit.
1355 1662 1433 1717 R.
1463 1662 1717 1717 Amavit.

708 1737 916 1793 Uettio
941 1742 999 1790 b.
1545 1736 1747 1791 nertio
1783 1738 1866 1799 υἱ.

483 1809 607 1876 [ἢ
690 1805 1259 1861 Acisconciliatorem
1333 1807 1410 1845 ῑ·
1372 1806 1682 1883 ὟΧοίῐί
1762 1805 1917 1860 cives
1989 1824 2104 1861 me·

483 1875 512 1951 ,ΓΙ
552 1847 674 1955 ἱὶὶξ
710 1878 881 1933 fuisse
925 1893 1035 1932 non
1077 1879 1259 1931 solum
1323 1817 1514 1991 ‘Q'
1552 1876 1731 1932 moria
1748 1878 2103 1947 pacis,quam

500 1952 506 1961 ⁸
557 1952 667 2003 ‘2‘2
710 1950 990 2014 Recineti,
1021 1949 1120 2003 sed
1162 1948 1257 2003 ali-
1335 1995 1370 1998 .-
1555 1949 1949 2030 {lieronymus
2024 1952 2105 2004 vi-

470 2019 526 2072 bi
589 2019 764 2074 etiam
826 1993 1101 2074 tradi'tum
1153 2029 1253 2074 est.
1318 2037 1458 2075 vens
1483 2020 1619 2074 totis
1644 2020 2103 2090 viribuspromo·

472 2090 775 2144 Firmanos
814 2090 965 2145 enim
1000 2092 1149 2145 inter
1175 2099 1257 2145 at·
1314 2092 1506 2155 vebat,
1549 2090 1942 2145 inflammatos
1977 2109 2102 2146 sen-

468 2175 580 2228 que
634 2161 955 2216 Asculanos
1016 2162 1257 2216 cruenta
1312 2164 1507 2217 serunt
1532 2178 1655 2216 sese
1680 2162 2101 2218 adcavendum

467 2231 702 2285 dissidia
866 2233 1127 2303 Hierony
1134 2249 1259 2286 mus
1311 2234 1414 2287 sibi
1439 2233 1627 2303 magis
1652 2250 1687 2287 a
1714 2233 2104 2289 simultatibus

464 2302 799 2358 exstinxisse
824 2304 1019 2359 fertur.
1030 2305 1161 2374 Qua
1186 2304 1257 2357 de
1313 2306 1476 2358 novis
1537 2312 1593 2357 et
1656 2321 1690 2358 a
1753 2304 2104 2359 factionibus

465 2389 639 2428 causa
669 2375 830 2430 fama
859 2376 1007 2429 inter
1034 2375 1255 2428 veteres
1311 2392 1455 2445 quas
1481 2376 1803 2443 temporum
1827 2377 1985 2431 vices
2005 2393 2102 2431 ex·
2144 2387 2151 2482 ἱ

464 2445 842 2511 increbuerat,
901 2447 1081 2514 ipsum
1140 2446 1255 2498 Fir·
1309 2446 1484 2501 citare
1552 2447 1835 2500 solebant.
1906 2447 2101 2531 Quare

465 2533 619 2570 mum
661 2533 857 2571 versus
893 2517 1252 2586 proficiscen·
1307 2518 1399 2571 die
1461 2518 1607 2571 festo
1669 2517 1946 2587 ejusdem,
2002 2517 2101 2587 qui

463 2595 601 2651 tem,
651 2588 813 2642 siccis
860 2588 1098 2657 pedibus
1138 2595 1252 2641 tra·
1305 2589 1543 2642 solemni
1584 2604 1800 2657 pompa
1837 2589 1914 2642 ab
1951 2589 2102 2643 anti·

464 2656 629 2711 nasse
668 2659 878 2712 flumen
920 2659 1245 2723 Cluentum,
1304 2659 1431 2728 quis
1495 2675 1671 2728 usque
1736 2660 2097 2728 temporibus

461 2728 703 2783 instrato
801 2729 975 2799 pallio
1080 2745 1252 2798 super
1303 2731 1399 2816 agi
1428 2732 1574 2784 solet
1601 2731 1655 2783 in
1683 2730 1980 2784 domiuica
2008 2748 2094 2785 se·

462 2814 645 2868 aquas
680 2799 1056 2854 exundantes,
1091 2801 1247 2855 Obiit
1302 2802 1490 2855 cunda
1510 2801 1996 2870 quadragesimae,
2012 2819 2097 2856 se-

465 2870 723 2924 Recineti
751 2871 806 2924 in
843 2872 1106 2926 coenobio
1135 2871 1247 2925 fra·
1300 2873 1430 2925 lecti
1460 2872 1581 2936 viri,
1617 2873 1965 2952 selectaeque
2006 2874 2090 2927 fe-

459 2948 608 2997 trum
639 2942 889 3006 suorum,
908 2942 999 2995 ubi
1030 2943 1247 2995 meritis
1301 2944 1473 2996 minae
1492 2960 1562 2996 ex
1576 2943 1948 3012 primoribus
1930 2960 2094 3012 Jussu

459 3013 696 3067 onustus
733 3014 1063 3082 pretiosam,
1097 3029 1246 3066 mor·
1299 3013 1546 3068 civitatis
1585 3014 1983 3082 designantur,
2029 3025 2094 3070 ut

458 3091 572 3138 tem
613 3085 873 3153 oppetiit,
903 3085 1121 3138 civibus
1149 3085 1244 3138 de·
1299 3085 1529 3138 dissidia
1565 3084 1921 3153 componant
1958 3094 2094 3141 toto

456 3154 720 3209 siderium
760 3156 845 3210 sui
897 3154 1238 3223 relinquenS‚
1298 3156 1433 3209 anni
1479 3155 1773 3209 curriculo
1824 3157 1887 3209 ln
1935 3156 2095 3211 festo

456 3233 630 3295 atque
670 3226 1006 3280 memoriam
1043 3226 1243 3294 peren·
1296 3227 1501 3280 eodem
1556 3227 1833 3280 memoria
1881 3228 2091 3281 Hiero-
