2250 3810
492 342 569 411 48

487 472 762 539 Eettini
802 474 979 527 Ecclz.
1010 472 1172 536 xxiv,
1198 472 1272 542 xj

515 549 606 601 De
630 544 806 601 Libro
831 546 1235 598 Εεεῖεειηαείιστζ

683 678 729 716 ⁴*
783 686 973 755 quiem
1003 685 1269 771 quaesivi,

655 616 811 689 ,NJ
873 614 1137 669 omnibus
1193 614 1276 668 τὲ
1346 579 1512 726 (ἶ

1060 355 1170 395 DIE
1205 357 1278 393 20
1310 354 1510 394 MARTI
1521 355 1554 397 1.

1586 476 1786 530 huetio
1810 478 1875 531 ii

1403 575 1414 582 r
1539 545 1679 599 Uasi
1721 544 1924 599 cedrus
1959 546 2114 600 exal-

1506 614 1525 690 4'
1562 614 1687 688 tata
1713 631 1836 669 sum
1860 616 1917 670 in
1950 616 2113 671 Liba-

1379 690 1524 738 A
1561 702 1655 751 no,
1710 686 1766 739 in
1817 687 1986 756 quasi
2041 688 2113 741 ci-

650 787 708 831 <a
784 758 922 811 etin
957 755 1274 811 hereditate
1326 756 1548 825 pre'ssus
1593 758 1648 811 in
1703 766 1898 812 monte
1951 758 2105 813 Sion.

784 828 1016 882 Domini
1087 827 1275 882 mora·
1324 827 2110 897 Quasipalmaexaltatasum

431 936 432 940 ,
490 898 609 953 bor.
668 900 828 953 ‘Iunc
875 899 1170 983 praecepit,
1219 907 1276 953 et
1323 898 1379 952 in
1408 900 1613 964 (ades,
1645 906 1702 954 et
1739 900 1903 969 quasi
1943 901 2109 969 plan-

488 968 634 1023 dixit
686 970 823 1023 mihi
867 968 1108 1025 Creator
1152 970 1274 1023 om-

490 1040 694 1095 nium:
721 1048 779 1095 et
803 1041 901 1121 qui
926 1040 1143 1096 creavit
1185 1058 1274 1095 me

488 1111 770 1180 requievit
808 1112 863 1165 in
903 1111 1274 1238 tabernacuilo

489 1198 638 1246 me0,
687 1190 744 1236 et
784 1183 926 1237 dixit
968 1182 1103 1237 mihi
1155 1204 1167 1238 ε

486 1253 671 1323 Jacob
734 1253 1015 1320 inhabita,
1076 1263 1135 1308 et
1216 1255 1269 1308 in

491 1324 668 1378 Israel
716 1324 1057 1390 hereditare,
1102 1332 1160 1380 et
1214 1326 1269 1379 in

489 1394 685 1449 electis
702 1396 840 1449 meis
851 1396 1011 1451 mitte
1031 1397 1264 1452 radices,

488 1465 582 1519 Ab
608 1465 789 1531 initio,
820 1477 878 1521 et
914 1477 1049 1522 ante
1093 1484 1271 1522 saecu-

488 1538 546 1591 13
584 1536 780 1592 creata
817 1555 962 1603 sum,
994 1548 1050 1593 et
1090 1555 1269 1608 usque

488 1608 564 1662 ad
591 1607 844 1663 futurum
865 1612 1137 1665 saeculum
1158 1627 1270 1664 non

487 1679 765 1745 desinam,
797 1689 853 1735 et
880 1682 935 1735 in
964 1682 1272 1736 habitatio-

487 1724 1270 1821 nesanctacoramipsomini-

488 1822 682 1877 stiavi.
711 1824 783 1877 Et
808 1824 887 1878 sic
914 1824 971 1878 in
1018 1824 1155 1877 Sion
1184 1824 1273 1877 fir-

489 1892 650 1949 mata
675 1911 817 1963 sum,
851 1903 909 1949 et
933 1895 988 1950 in
1033 1894 1272 1950 civitate

488 1965 849 2020 sanctificata
887 1965 1148 2020 similiter
1190 1982 1275 2021 re-

487 2036 699 2106 quievi,
756 2043 815 2090 et
858 2038 913 2090 in
955 2035 1273 2105 Jeri'isalem

485 2108 740 2176 potestas
765 2123 912 2162 mea.
943 2109 1015 2162 Et
1055 2109 1276 2164 radica-

484 2179 541 2233 vi
561 2180 614 2232 in
639 2178 845 2248 populo
871 2179 1269 2245 honorificam,

486 2256 544 2303 et
582 2249 637 2302 in
662 2258 825 2318 parte
847 2250 954 2304 Dei
984 2252 1093 2305 mei
1115 2252 1274 2306 here-

484 2320 634 2374 ditas
660 2320 824 2384 illius,
856 2329 915 2376 et
943 2322 995 2375 in
1027 2323 1272 2391 plenita-

485 2391 616 2446 dine
644 2392 985 2448 Sanctorum
1014 2395 1270 2449 detentio

487 2477 635 2518 mea.

1326 969 1912 1055 tatiorosaeinJericO.
1926 971 2109 1041 Quasi

1325 1040 1478 1096 oliva
1503 1042 1761 1111 speciosa
1788 1042 1844 1095 in
1867 1043 2108 1113 campis,

1324 1121 1382 1165 et
1406 1113 1567 1180 quasi
1593 1112 1864 1194 platanus
1890 1114 2114 1169 exalta-

1324 1191 1383 1237 ta
1423 1200 1547 1238 sum
1582 1184 1750 1254 juxta
1794 1200 2015 1253 aquam
2057 1186 2111 1240 in
2214 1225 2215 1232 κ

1323 1255 1542 1323 plateis,
1601 1255 1759 1310 Sicut
1815 1255 2115 1311 cinnamo·
2214 1251 2215 1269 ¹

1324 1342 1498 1391 mum,
1530 1334 1587 1381 et
1623 1325 1943 1399 balsamum
1987 1344 2115 1382 aro·
2162 1361 2167 1417 ι
2214 1339 2215 1402 3

1323 1396 1602 1451 matizans
1642 1398 1878 1452 odorem
1924 1398 2062 1453 dedi
2100 1417 2111 1453 :
2161 1419 2167 1472 ξ

1321 1468 1484 1536 quasi
1506 1470 1741 1554 myrrha
1766 1468 1951 1523 electa
1980 1470 2115 1525 dedi
2164 1477 2167 1500 ¹
2214 1503 2215 1530 1

1321 1540 1666 1594 suavitatem
1743 1539 1951 1594 odoris,
2045 1541 2118 1594 Et
2164 1545 2167 1570 ³
2214 1565 2215 1572 ¹

1322 1611 1483 1679 quasi
1500 1619 1711 1678 storax,
1729 1619 1788 1664 et
1801 1609 2111 1681 galbanus,
2164 1615 2165 1638 ¹

1322 1689 1380 1735 et
1431 1680 1663 1763 angula,
1709 1689 1766 1736 et
1813 1689 2008 1750 gutta,
2060 1690 2117 1737 et

1323 1753 1485 1821 quasi
1507 1753 1752 1807 Libanus
1769 1769 1883 1806 non
1904 1753 2118 1809 incisus

1324 1824 1640 1892 evaporavi
1685 1824 2117 1879 habitationem
2164 1829 2165 1832 ’

1326 1912 1533 1960 meam,
1578 1902 1636 1950 et
1696 1894 1860 1965 quasi
1922 1895 2117 1952 balsa-
2166 1922 2167 1927 ¹

1326 1982 1480 2020 mum
1527 1983 1640 2021 non
1690 1967 1917 2021 mistum
1969 1968 2118 2023 odor
2164 2010 2167 2017 μ

1326 2054 1499 2092 meus,
1528 2040 1572 2092 E
1620 2038 1838 2108 oquasi
1867 2040 2118 2094 terebin-
2164 2076 2168 2119 ξ

1324 2110 1455 2163 thus
1473 2117 1569 2163 ext
1609 2109 1703 2164 ndi
1722 2126 1914 2164 ramos
1936 2127 2116 2181 meoS,
2164 2105 2167 2165 f

1324 2188 1381 2234 et
1419 2181 1562 2235 rami
1601 2181 1713 2235 mei
1751 2180 2007 2248 honoriS,
2060 2190 2117 2239 et

1322 2249 1551 2321 gratiae.

1358 2322 1439 2377 ἶιι.
1461 2321 1743 2392 Apparuit
1759 2339 1811 2376 e1
1831 2323 2115 2395 secundo

1321 2393 1577 2462 dixitque
1617 2393 1692 2448 ad
1731 2410 1885 2459 eum;
1936 2397 2110 2461 vade,

1319 2472 1376 2519 et
1431 2466 1726 2535 congrega
1784 2465 2044 2521 seniores
2103 2487 2116 2522 ε

524 2534 603 2589 Bt.
674 2535 915 2605 Signum
991 2553 1264 2606 magnum
1318 2538 1506 2606 *Ego
1532 2552 1630 2589 ero
1684 2544 1893 2602 tecum,
1927 2544 1985 2592 et
2012 2537 2116 2593 au·
2162 2548 2165 2603 ζ

483 2604 799 2676 apparuit:
827 2606 1027 2662 mulier
1052 2608 1267 2662 amicta
1317 2607 1684 2662 dientvocem
1703 2614 1881 2662 tuam.
1905 2606 1980 2664 w.
2002 2610 2115 2664 Re-

480 2679 615 2758 sole,
642 2686 700 2731 et
725 2679 857 2733 luna
884 2678 987 2733 sub
1029 2679 1268 2748 pedibus
1315 2678 1603 2748 spondens
1654 2677 1788 2733 ait:
1830 2695 1947 2733 non
1992 2696 2116 2736 cre-

481 2747 620 2818 ejuS,
652 2758 710 2802 et
733 2749 789 2803 in
812 2749 1000 2820 capite
1027 2767 1076 2819 eJ
1084 2767 1149 2804 us
1175 2767 1266 2805 co·
1318 2753 1457 2805 dent
1474 2749 1632 2813 mihi,
1660 2765 1845 2818 neque
1867 2749 2163 2817 audient

480 2822 626 2874 rona
638 2769 1266 2876 stellarumduodecim:
1317 2838 1519 2876 vocem
1539 2837 1749 2885 meam,
1771 2821 1872 2876 sed
1889 2821 2115 2879 dicent.

480 2892 514 2926 ὕ
534 2890 732 2946 Facies
748 2893 869 2962 ejus
885 2893 1029 2947 sicut
1048 2895 1150 2958 sol,
1172 2910 1267 2947 ve-
1317 2910 1429 2947 non
1458 2891 1726 2961 apparuit
1744 2891 1865 2948 tibi.
1876 2925 1942 2932 —
1964 2880 2163 2966 Ego

479 2963 747 3018 stimenta
774 2973 967 3018 autem
989 2968 1109 3034 ejus
1135 2936 1267 3019 alba
1527 2962 1736 3023 :stettin
1766 2967 1856 3046 iij
2158 3008 2161 3017 1

479 3032 622 3088 sicut
640 3035 754 3089 nix.
787 3036 852 3089 Χ).
881 3036 1268 3103 Resplendue-
1450 3076 1482 3108 ·‚
1531 3035 1634 3090 GO
1649 3035 1814 3104 quasi
1841 3035 1974 3090 vitis
1993 3035 2114 3092 fru·
2160 3094 2161 3119 ¹

480 3114 611 3159 runt
640 3113 863 3160 montes
889 3108 963 3161 ab
990 3122 1079 3171 ea,
1110 3117 1168 3160 et
1184 3123 1268 3161 re·
1389 3105 1410 3113 ”
1440 3131 1505 3174 2
1555 3105 1800 3161 ctificavi
1856 3107 2116 3163 suavita-

480 3177 894 3244 splendue'runt
944 3178 1090 3232 sicut
1125 3177 1269 3233 lam·
1343 3211 1352 3219 ι
1556 3185 1672 3232 tem
1691 3177 1883 3232 odoris
1902 3185 1989 3233 :et
2009 3178 2115 3234 flo-

478 3248 656 3317 pades
677 3248 963 3318 ignis—F
968 3247 1119 3304 acies
1135 3250 1266 3320 ejus,
1322 3266 1410 3304 res
1436 3249 1548 3303 mei
1592 3249 1810 3303 fructus
1852 3250 2110 3317 honoriS,
