2250 3810
480 349 556 408 50

475 464 755 519 tissimum
800 463 1080 519 athletam
1132 479 1259 534 pro-

474 535 603 590 fusa
618 534 960 590 liberalitate
981 536 1055 590 ad
1076 535 1259 605 pristi-

476 623 613 662 num
634 607 870 662 deorum
895 608 1110 661 cultum
1138 607 1259 662 alli-

472 678 606 745 ciat3
619 694 797 743 secuS‚
815 679 858 737 si
870 678 1082 732 invicto
1104 693 1273 748 pror--

471 765 564 803 sus
629 749 824 805 Animo
888 749 1256 804 obsistentem

470 821 699 876 flectere
763 821 1030 891 nequeat,
1102 821 1258 875 omni

470 893 878 962 suppliciorum
942 891 1258 947 acerbitate

470 980 505 1018 a
532 964 816 1019 sententia
947 962 1257 1018 dimoveat.

475 1035 580 1089 His
630 1036 893 1090 omnibus
937 1035 1261 1088 nullatenus

470 1107 774 1161 exterritus
786 1107 1086 1176 EphysiuS,
1103 1106 1259 1174 quod

474 1193 657 1247 neque
685 1178 945 1247 precibus
971 1187 1028 1232 et
1044 1177 1259 1247 pollici-

473 1247 802 1318 tationibus,
834 1265 1020 1318 neque
1052 1248 1261 1318 judicis

471 1319 774 1374 severitate
826 1328 883 1375 et
946 1319 1261 1374 minacibus

473 1392 660 1446 verbis
697 1391 906 1447 adduci
944 1399 1154 1461 posset,
1200 1398 1260 1446 ut

474 1461 846 1517 christianam
917 1463 1257 1532 religionem

473 1534 778 1600 desereret,
836 1535 892 1588 in
943 1532 1259 1589 tenebrico-

471 1621 595 1660 sum
624 1605 911 1660 czircerem
930 1606 1085 1660 omni
1103 1620 1260 1675 pror-

470 1693 562 1731 sus
581 1677 834 1732 humz'mo
855 1678 1070 1732 auxilio
1091 1676 1259 1731 desti-

471 1748 1255 1816 tutusincluditur‚aerumnis,

470 1829 528 1873 et
555 1820 825 1874 diuturna
864 1820 1056 1874 inedia
1083 1819 1254 1873 confi-

470 1891 720 1947 cienduS.
780 1892 892 1947 Sed
943 1909 1068 1947 cum
1123 1908 1257 1945 con-

469 1962 786 2018 stantiorIn
814 1964 934 2018 dies
958 1962 1250 2026 evaderet,

469 2050 655 2103 neque
718 2035 1002 2090 Christum
1081 2033 1255 2087 libere

468 2106 727 2160 confiteri
753 2106 1066 2171 desisteret,
1097 2104 1256 2158 fusti-

469 2178 573 2231 bus
634 2176 1016 2232 crudelissime
1076 2192 1257 2230 caesus

471 2265 617 2318 pene
653 2248 935 2311 exanimis
973 2249 1028 2301 in
1066 2247 1256 2302 carce-

469 2335 586 2373 rem
651 2319 855 2374 iterum
911 2319 1246 2388 detruditur,

470 2400 532 2444 ut
557 2391 668 2444 loci
695 2390 946 2459 horrore,
982 2398 1039 2445 et
1060 2390 1253 2445 vulne-

469 2478 594 2516 rum
642 2462 954 2517 acerbitate
1013 2461 1256 2516 vexzitus

471 2534 726 2588 animam
755 2532 990 2588 effleret.
1021 2533 1128 2587 Dei
1157 2549 1255 2587 au-

467 2614 584 2660 tem
618 2606 827 2661 virtute
855 2604 1088 2674 repente
1123 2620 1253 2659 con-

466 2680 760 2733 valescens
810 2677 886 2731 ad
936 2676 1259 2746 Appollinis

846 347 956 387 DIE
991 349 1059 403 27
1097 347 1272 387 FEBR.
1307 363 1375 370 -·
1406 346 1452 387 S.
1488 346 1756 397 EPHYSII.

1312 462 1745 533 supplicatione,
1781 462 1934 517 idela
1971 462 2100 516 sub-

1312 536 1478 590 versa
1503 541 1661 600 sunt;
1690 542 1749 588 et
1774 533 1925 588 illico
1959 540 2101 587 tem-

1313 607 1468 677 plum
1506 606 1731 661 corruit.
1763 605 1892 674 Quo
1931 604 2101 659 mire-

1314 680 1441 732 culo
1486 677 1634 733 Adeo
1677 677 1983 732 exterritus
2019 684 2101 731 est

1310 749 1507 820 JuliuS,
1564 757 1626 804 ut
1667 748 1939 818 delegata
1978 749 2101 802 Fla-

1313 821 1488 876 viano
1514 820 1817 890 potestate,
1848 819 2043 874 statim
2071 835 2101 873 e

1310 893 1500 947 littore
1528 892 1777 956 solverit,
1801 890 2103 946 iracundia

1313 965 1480 1019 simul
1529 969 1588 1018 et
1648 963 1854 1017 timore
1917 962 2101 1017 corre'-

1355 1043 1459 1091 tus,

1315 1053 1432 1162 plik.
1479 1105 1835 1160 Desiderium
1889 1103 2102 1159 {mimae

1314 1179 1433 1249 ejus
1459 1176 1703 1232 tribuisti
1740 1177 1790 1230 ei
1828 1176 2098 1241 Domine,

1316 1254 1346 1286 ὕ
1375 1252 1447 1304 Et
1483 1246 1782 1303 voluntate
1817 1247 2102 1302 labiorum

1315 1321 1435 1391 ejus
1472 1334 1582 1374 non
1624 1317 1908 1373 fraudasti
1945 1335 2097 1373 eum.

1315 1393 1384 1448 X).
1430 1391 1717 1460 Quoniam
1768 1389 2103 1459 praevenisti

1315 1481 1445 1518 eum
1496 1463 1550 1516 in
1610 1460 2104 1516 benedictionibus

1314 1533 1657 1589 dulcedinis:
1680 1531 1914 1601 posuisti
1933 1531 1991 1586 in
2009 1532 2102 1587 ce-

1316 1607 1427 1675 pite
1454 1605 1573 1675 ejus
1612 1603 1888 1658 coronam
1914 1604 1987 1658 de
2022 1603 2104 1657 12¹1-

1314 1678 1444 1747 pide
1482 1675 1749 1746 pretioso.
1783 1709 1853 1715 —
1892 1676 1965 1729 Et
2005 1692 2104 1745 vo-

1313 1749 1582 1804 luntates

1548 1817 1756 1878 Uettio
1780 1823 1861 1884 ω’.

1382 1892 1470 1962 f‘f,
1528 1888 1813 1945 Laviz'mus
1904 1887 2104 1959 itaque

1388 1952 1481 2036 {ff
1547 1961 2105 2031 easpeillusuS‚quod

1335 2010 1482 2078 ᾖ
1548 2041 1737 2103 posset
1787 2033 2105 2101 aliquz'mdo

1310 2105 1728 2159 sanctissimum
1802 2103 2106 2159 Confesso-

1313 2192 1430 2230 rem
1477 2177 1551 2230 ad
1594 2176 1831 2230 deorum
1883 2177 2106 2230 cultum

1311 2247 1604 2312 revocere,
1662 2247 1924 2316 precibus
1990 2246 2103 2316 pri-

1313 2335 1485 2382 mum,
1520 2318 1936 2388 propositisque
1957 2333 2106 2388 prae-

1313 2390 1437 2448 miis
1500 2390 1766 2444 eumdem
1831 2390 2107 2459 aggredi-

1310 2470 1401 2515 tur
1449 2481 1459 2515 :
1494 2478 1623 2515 cum
1662 2468 1856 2515 autem
1891 2460 2107 2515 frustra
2161 2455 2164 2474 '

1311 2542 1368 2587 et
1394 2533 1671 2587 inutiliter
1696 2532 1876 2586 verba
1901 2532 2107 2587 funde-

1313 2611 1416 2669 ret,
1468 2620 1572 2658 nec
1616 2603 1933 2672 quidquam
1978 2620 2107 2673 spe-

1313 2676 1554 2730 rz'tndum
1576 2674 1822 2745 emplius
1842 2674 2099 2740 duceret,

471 2751 748 2819 templum
803 2748 1011 2803 adduci
1064 2759 1258 2817 postu·
1314 2747 1578 2802 eumdem
1630 2746 1828 2816 gladio
1881 2746 2126 2815 percuti·

470 2821 632 2885 lavit,
661 2822 814 2890 quod
870 2819 1131 2875 nuntium
1160 2821 1257 2874 lae-
1308 2820 1488 2888 jubet.
1529 2820 1694 2871 Novo
1723 2817 1953 2871 interim
1977 2834 2109 2887 pro-

469 2900 560 2947 tus
654 2891 942 2961 excipiens
1032 2890 1259 2960 iniquus
1314 2890 1473 2960 digio
1502 2890 1608 2943 Dei
1636 2889 1817 2943 virtus
1849 2890 2058 2943 enituit
2094 2909 2109 2943 ε

469 2981 697 3034 praeses,
719 2964 873 3033 quod
900 2963 1098 3017 fractae
1125 2979 1259 3017 con-
1316 2978 1448 3015 nam
1477 2977 1607 3015 cum
1635 2959 1891 3014 catnifex
1923 2960 2104 3014 ictum

470 3035 700 3090 stz'intiae
744 3035 1017 3090 indicium
1064 3034 1257 3088 crede·
1313 3031 1563 3096 libraret,
1618 3031 1871 3102 gladium
1927 3047 2109 3086 manu

470 3115 572 3169 ret,
640 3108 899 3176 precibus
951 3105 1153 3159 annuit
1196 3105 1258 3158 li-
1314 3103 1460 3157 forte
1543 3102 1819 3158 excidisse
1902 3103 2107 3172 fertur,

468 3179 684 3234 bentcr.
725 3181 849 3232 Non
869 3182 1041 3244 longe
1063 3183 1256 3229 autem
1312 3191 1478 3243 quem
1509 3175 1699 3228 denuo
1725 3173 1948 3243 erigere
1986 3174 2111 3228 fru-

470 3269 504 3306 a
556 3254 702 3313 loco,
761 3252 885 3303 fusa
944 3250 1017 3302 ad
1071 3248 1254 3300 Deum
1313 3259 1429 3300 stra
1491 3246 1699 3315 saepius
1770 3244 2108 3302 tenteverit.
