2250 3810
461 361 568 401 DIE
601 363 662 414 19
688 361 874 411 JUNn.
907 380 975 386 —-
1015 361 1066 401 B.
1102 359 1495 400 MICHELINAE.

184 472 951 541 nuncverberibuslaeessita,

182 561 215 598 a
253 544 510 613 suscepto
555 544 816 599 instituto
857 545 953 598 de·

179 616 369 669 terreri
409 631 522 670 non
562 615 749 685 pdtuit
789 615 951 669 unice

180 685 346 741 anxia
396 687 514 756 pati
559 696 617 742 et
661 687 949 740 contemni

178 773 278 826 pro
325 759 565 812 Christo,
627 760 711 812 De
764 758 951 827 proxi-

178 828 385 882 mdrum
441 830 624 884 salute
683 829 946 894 sollicita,

174 902 345 955 verbo
408 908 465 954 et
509 901 776 982 exemplo
826 901 978 969 per--

124 1024 127 1029 .
174 970 316 1025 ditos
352 972 508 1025 cives
545 989 580 1026 a
617 972 848 1026 v1vendi
888 973 949 1025 li-

122 1032 128 1103 }
173 1041 356 1096 centia
383 1044 458 1097 ad
487 1042 804 1113 castigatos
830 1058 950 1096 mo-

172 1128 255 1166 res
302 1113 602 1168 revocavit
653 1134 665 1168 :
715 1114 950 1185 aegrdtis

169 1190 465 1254 tamquam
547 1185 658 1238 vile
734 1185 950 1240 manci-

1722 364 1781 398 21

1003 473 1266 541 passidne
1295 472 1571 540 disseruit,
1600 479 1661 526 ut
1689 490 1784 528 au-

1002 544 1223 598 dientes
1238 561 1273 598 a
1290 544 1511 613 gemitu
1529 551 1587 597 et
1604 544 1786 616 lacry-

1001 615 1106 669 mis
1146 631 1258 668 non
1310 615 1778 684 temperaverint.

1002 687 1066 738 In
1096 685 1346 756 patriam
1379 687 1558 741 redux
1594 686 1785 741 cumu-

999 758 1116 810 lum
1174 758 1403 813 additus
1464 758 1783 828 virtutibuS,

999 829 1205 897 quibus
1266 829 1441 884 antea
1504 829 1777 897 floruerit,

999 900 1245 954 oratiuni
1269 908 1326 954 et
1346 902 1782 970 contemplati&-

1000 971 1057 1024 ni
1103 972 1343 1038 intenta,
1396 973 1776 1041 poenitentiae,

999 1049 1057 1095 et
1078 1043 1337 1097 caritatis
1378 1043 1644 1112 operibus
1682 1046 1782 1099 ad·

998 1112 1173 1174 dicta,
1254 1122 1312 1168 et
1404 1114 1781 1183 superndrum

997 1184 1408 1239 charismatum
1447 1187 1601 1240 dono
1643 1202 1783 1255 prae-

997 1254 1241 1325 fulgens.
1295 1259 1438 1311 Dem
1448 1275 1541 1312 um
1588 1258 1780 1312 confe'·

119 1246 125 1326 ἱ
170 1255 317 1324 pium
340 1264 556 1326 praesto
574 1257 683 1310 fuit
703 1257 759 1310 in
782 1272 923 1311 noso

996 1328 1101 1381 etis
1163 1328 1491 1384 christianae
1557 1329 1777 1384 militiae

170 1327 375 1393 comiis,
404 1328 460 1382 in
485 1327 816 1384 eorumdem
834 1336 946 1382 tra-

170 1398 373 1454 ducens
397 1400 806 1469 compendium
828 1408 947 1454 tum
995 1399 1309 1468 stipendiiS,
1365 1400 1781 1469 praenuntiatd-

169 1470 671 1542 eleemosynassibi
689 1471 948 1525 conlatas
995 1487 1105 1540 que
1123 1472 1485 1525 dormitiunis
1500 1488 1620 1525 suae
1638 1472 1781 1525 tem-

168 1547 284 1595 tum
348 1542 632 1612 quidquid
705 1542 946 1612 operata
996 1557 1154 1610 pore,
1181 1542 1567 1596 Sacramentis
1591 1543 1780 1597 Eccle-

167 1611 269 1667 fuit
286 1612 946 1668 consiliomanuumsua-
994 1613 1096 1667 siae
1136 1612 1387 1683 expiata,
1430 1612 1622 1666 aetatis
1660 1630 1780 1668 suae

169 1698 313 1750 rum;
346 1685 628 1754 tantbque
655 1702 796 1755 erga
823 1686 947 1739 illos
994 1683 1639 1753 annoquinquagesimo
1656 1701 1779 1738 sex·

169 1753 391 1811 incensa
404 1755 760 1811 estcaritatis
781 1763 944 1823 aestu,
994 1761 1054 1809 to
1083 1756 1157 1809 ad
1186 1756 1477 1809 coelestem
1506 1770 1779 1824 sponsum

168 1834 226 1880 ut
268 1828 468 1882 mulier
513 1827 695 1892 fortiS‚
746 1827 944 1897 suique
995 1826 1250 1880 evolavit
1268 1827 1358 1880 die
1381 1826 1605 1880 decima
1623 1843 1778 1881 nona

169 1897 380 1967 victrix,
428 1897 696 1964 osculari,
743 1907 799 1953 et
848 1915 943 1953 ore
987 1897 1133 1967 junii
1161 1915 1196 1952 a
1222 1898 1450 1953 Christo
1490 1904 1628 1951 nato
1658 1899 1775 1953 mil-

164 1971 364 2040 saepius
393 1971 685 2040 attingere
710 1986 823 2024 non
846 1972 943 2024 ab·
992 1969 1778 2038 lesimotercentesimoquin-

162 2041 435 2096 horruerit
516 2042 678 2096 foeda
754 2042 944 2095 ulcera
992 2041 1333 2111 quagesimo
1385 2048 1565 2094 sexto,
1619 2042 1777 2095 Sacri

162 2112 530 2180 leprosdrum,
557 2114 651 2182 qui
682 2129 794 2166 non
823 2114 942 2168 sine
993 2112 1247 2183 corporis
1282 2112 1509 2167 exuviae
1538 2113 1779 2167 miracu-

162 2184 429 2239 miraeulo
452 2184 686 2239 sanitati
709 2191 840 2237 sunt
861 2201 944 2238 re-

161 2255 350 2309 stituti.

196 2323 273 2381 231.
306 2325 570 2381 Dilexisti
593 2323 893 2395 justitiam.

391 2395 601 2456 Uettio
627 2402 708 2461 ιη’,

182 2466 696 2562 s‘gjffirzionflmm
817 2467 940 2549 jam

243 2569 266 2606 ς,
287 2555 318 2580 «Τ
390 2546 591 2606 aetate,
690 2547 939 2609 prompti

179 2572 353 2663 4AE
392 2610 612 2680 navigii
691 2609 940 2664 honesti-

161 2692 265 2745 que
292 2680 602 2736 comitatus
629 2689 804 2735 nacta
841 2697 940 2749 op-

159 2752 594 2818 portunitatem,
618 2752 672 2805 in
707 2751 940 2806 Palesti-

159 2835 286 2875 nam
332 2823 579 2893 trajecit,
636 2823 726 2891 pie
771 2839 938 2877 vene-

157 2893 346 2948 ratura
372 2896 506 2949 loca
532 2894 739 2949 Christi
768 2894 937 2948 vesti-

115 2615 120 2702 l

992 2183 1059 2236 lis
1098 2200 1134 2237 a
1163 2186 1287 2238 Deo
1327 2182 1645 2248 illustratae,
1679 2186 1777 2239 ob-

992 2255 1158 2308 scuro
1197 2257 1324 2309 loco
1352 2254 1613 2323 primitus
1644 2255 1778 2309 edn-

991 2326 1130 2379 ditae
1150 2326 1354 2379 suntin
1377 2325 1628 2379 Ecclesia
1649 2342 1778 2380 san-

992 2397 1066 2450 cti
1146 2399 1187 2451 F
1193 2395 1435 2450 rancisci
1513 2398 1775 2450 Fratrum

994 2468 1309 2532 Minbrum;
1338 2468 1437 2520 sed
1460 2483 1573 2520 non
1597 2469 1776 2522 multo

992 2545 1124 2608 post
1149 2539 1204 2593 in
1247 2536 1687 2608 eleganti'drem
1720 2546 1778 2593 et

989 2626 1162 2679 supra
1200 2618 1412 2664 terram
1447 2610 1664 2664 editum
1690 2610 1776 2665 tu-

989 2683 1200 2736 mulum
1252 2681 1462 2736 iterato
1503 2681 1770 2746 invectae,

988 2753 1203 2822 pupulo
1270 2753 1588 2808 Pisaurensi
1663 2754 1772 2807 civi

986 2824 1122 2878 olim
1152 2841 1291 2888 suae,
1326 2841 1473 2878 nunc
1510 2824 1774 2893 patrdnae

989 2905 1164 2965 grata
1217 2895 1466 2965 pietatis,
1517 2903 1575 2949 et
1616 2897 1776 2951 obse-

155 2962 257 3030 giis
306 2973 363 3019 et
408 2965 691 3035 sanguine
743 2981 937 3019 conse·
985 2967 1769 3036 quiitestimdniaexhibente.

154 3034 398 3091 crataJn
426 3036 716 3092 Calvariae
740 3045 934 3091 monte
985 3039 1217 3092 Cultum
1245 3038 1432 3091 eidem
1472 3039 1545 3091 ab
1577 3038 1773 3091 imme-

155 3103 369 3161 intense
411 3123 601 3172 oranS,
642 3115 811 3177 rapta
851 3116 936 3162 est
986 3108 1252 3163 morabili
1303 3109 1566 3176 tempore
1618 3107 1773 3162 dela-

154 3174 207 3229 in
233 3177 493 3233 ecstasim
525 3179 782 3247 :sibique
812 3179 935 3232 red·
984 3187 1104 3233 tum
1149 3178 1380 3233 decreto
1426 3194 1527 3231 suo
1566 3193 1773 3248 appro-

155 3246 289 3313 dita,
320 3249 402 3304 ita
430 3250 501 3304 de
530 3249 934 3319 Redemptdris
983 3250 1147 3304 bavit
1210 3249 1530 3318 apostolica
1597 3251 1774 3305 Sedes
