2250 3810
488 326 553 392 58
629 337 786 377 DOM.
823 336 885 375 11.
923 337 1081 376 MAn.
1117 336 1440 377 PURISSIMI
1470 336 1698 377 CORDIS
1729 337 1780 377 B.
1817 337 1885 377 M.
1919 337 1972 377 V.

486 453 709 508 locutus
735 470 794 506 es
820 454 895 508 ad
921 469 1021 507 cor
1048 453 1276 508 ancillae

486 531 623 588 tuae,
658 523 903 579 alleluia.
942 524 1012 579 Χ).
1044 525 1106 578 In
1151 531 1276 578 toto

488 597 661 650 corde
703 612 832 649 meo
874 595 1151 666 exquisivi
1197 603 1270 664 te,

490 684 560 720 ne
588 666 830 747 repe'llas
858 684 947 721 me
975 684 1010 721 a
1039 665 1278 720 manda-

488 739 560 791 tis
586 737 710 791 tuis.
722 737 927 807 -Qui
923 735 1272 792 consolatus,

489 809 688 862 Gloria
718 809 889 863 Patri.
926 809 1052 879 Qui.

636 883 701 933 In
729 883 804 933 11.
836 883 1141 934 Nocturno.

523 951 676 1004 Αῆιι.
709 947 911 1013 Beata,
943 965 1076 1018 quae
1098 947 1279 1002 credi-

490 1019 641 1085 disti,
672 1019 948 1089 quoniam
979 1018 1276 1088 perficie'n-

490 1098 581 1144 tur
625 1107 715 1154 ea,
765 1106 897 1159 quae
948 1091 1103 1145 dicta
1147 1097 1305 1143 sunt

489 1162 590 1216 tibi
619 1179 653 1215 a
684 1161 942 1229 Domino,
970 1160 1216 1215 alleluia.

526 1233 597 1285 w.
623 1232 804 1285 Fortis
830 1240 914 1285 est
942 1240 1003 1285 ut
1025 1248 1177 1285 mors
1197 1231 1278 1285 di-

494 1303 683 1369 lectio,
709 1303 965 1356 alleluia.
1001 1301 1081 1357 Β..
1118 1304 1278 1356 Dura

490 1375 634 1430 sicut
672 1372 926 1428 infernus
963 1373 1275 1441 aemulati0‚

492 1443 737 1500 alleluia.

491 1519 694 1572 Sermo
725 1516 907 1570 sancti
939 1516 1277 1570 Bernardini

454 1622 457 1625 -
744 1587 1024 1641 Senensis,

491 1662 593 1715 Ex
619 1661 802 1714 Serm.
838 1659 912 1712 ix.
944 1661 1012 1711 de
1052 1661 1272 1713 Visitat.

722 1729 928 1786 Uettio
956 1734 1032 1786 in.

533 1823 738 1892 -rrqu
764 1802 867 1856 Uis
935 1800 1280 1886 mortalium,

515 1929 539 2039 J,
630 1949 685 2000 Ψ·
719 1928 740 2002 ,Ε
785 1953 877 1998 tus
915 1942 1168 2007 oracu10,
1210 1944 1279 1997 de

496 2085 1270 2154 minisGenitricequidquarr

497 2155 805 2221 modicum,
873 2156 990 2209 sive
1058 2156 1270 2224 grande

497 2226 810 2311 praesumat
843 2226 1075 2329 pollutis
1117 2226 1270 2281 labiis

498 2296 794 2351 nominare
843 2314 1064 2368 :quam
1114 2300 1270 2351 Pate1

497 2376 632 2423 ante
660 2341 872 2423 saecula
903 2371 1056 2423 Deus
1084 2370 1282 2438 perpe-

495 2448 655 2496 tuam
714 2439 1153 2508 praedestinavit
1225 2440 1277 2493 in

498 2512 798 2580 Virginem
839 2511 1230 2579 dignissimam
1270 2530 1281 2564 :

500 2582 673 2637 Filius
699 2582 874 2652 elegit
902 2583 955 2635 in
974 2584 1252 2662 ‚lvlatremu
1272 2602 1282 2635 2

497 2653 741 2723 Spiritus
812 2662 1043 2706 sanctus
1098 2652 1284 2705 omnis

496 2723 706 2794 gratiae
748 2724 1097 2778 domicilium
1141 2739 1281 2792 prae·

498 2793 769 2863 paravit?
819 2795 1036 2864 Quibus
1100 2794 1285 2848 verbis

498 2880 610 2933 ego
663 2866 1037 2919 homunculus
1087 2881 1284 2925 sensus

498 2934 802 2989 altissimos
819 2935 965 3005 virgi
974 2936 1060 2989 nei
1080 2937 1283 3005 cordiS,

499 3007 859 3060 sanctissimo
897 3023 993 3060 ore
1028 3008 1286 3076 prolatos

499 3076 756 3141 efferam,
788 3079 991 3147 quibus
1023 3094 1136 3131 non
1173 3079 1287 3132 suf-

499 3150 614 3202 ficit
655 3150 850 3217 lingua
891 3148 1146 3202 omnium
1188 3150 1284 3203 ho-

503 3220 737 3286 minum,
757 3229 812 3273 et
837 3220 1013 3273 e'tiam
1033 3220 1286 3289 Angelo-

1317 1169 1412 1216 est
1430 1165 1457 1215 t>

1332 455 1488 506 rum?
1512 452 1790 507 Dominus
1817 453 1970 507 enim
1999 454 2075 508 ait
2100 474 2110 507 :
2148 448 2153 589 Ι

1333 525 1525 578 Bonus
1545 525 1719 577 homo
1740 524 1810 577 de
1829 525 1984 578 bono
2000 526 2111 578 the-

1330 593 1503 649 sauro
1522 595 1712 649 cordis
1761 595 1845 648 sui
1899 596 2110 664 profert
2150 595 2153 657 ἶ

1330 666 1502 719 bona.
1553 666 1693 736 Quis
1733 674 1927 719 autem
1973 667 2113 720 inter

1331 752 1501 805 puros
1518 736 1779 790 homines
1800 737 2005 790 me'lior
2021 738 2111 791 ho·
2150 674 2154 803 i

1331 824 1426 861 mo
1501 815 1688 876 potest
1773 808 2107 877 excogitari,

1329 894 1505 947 quam
1554 878 1668 942 illa,
1723 895 1857 947 quae
1911 879 2112 932 meruit

1331 948 1475 1002 e'ffici
1506 951 1696 1003 Mater
1732 949 1858 1016 Dei,
1892 966 2027 1018 quae
2061 950 2111 1003 in
2152 950 2155 1021 Ι

1301 1020 1500 1074 corde
1554 1028 1612 1073 et
1669 1021 1724 1074 in
1791 1019 1956 1074 utero
2017 1037 2113 1075 suo

1329 1092 1516 1160 ipsum
1573 1091 1762 1145 Deum
1825 1091 2112 1160 hospitata

1499 1162 1640 1232 Quis
1665 1161 1968 1216 thesaurus
2007 1163 2112 1216 me·

1328 1233 1451 1296 lior,
1504 1248 1678 1301 quam
1718 1233 1838 1302 ipse
1891 1233 2113 1288 divinus

1329 1319 1506 1370 amor,
1552 1319 1667 1372 quo
1716 1320 1815 1358 cor
1865 1304 2115 1373 Virginis

1329 1375 1535 1430 ardens
1561 1377 1724 1428 erat?

1367 1445 1447 1499 R.
1501 1447 1626 1515 Ego
1667 1445 1979 1515 diligentes
2030 1462 2113 1499 me
2155 1498 2157 1507 A

1330 1517 1531 1586 diligo,
1562 1523 1621 1569 et
1655 1516 1750 1584 qui
1781 1533 1953 1570 mane
1977 1516 2114 1586 vigi·

1331 1589 1452 1641 lant
1468 1587 1545 1642 ad
1564 1603 1672 1653 me,
1690 1587 1990 1641 invenient
2008 1603 2107 1641 me.

1331 1661 1559 1713 Mecum
1605 1665 1738 1712 sunt
1786 1658 2013 1713 divitiae
2061 1667 2115 1712 et
2154 1676 2157 1707 ε

1330 1730 1563 1799 gloria·
1552 1771 1563 1783 .
1552 1730 1625 1763 ⁶*
1663 1728 1820 1796 Opes
1857 1729 2115 1799 superbae

1331 1809 1386 1855 et
1402 1799 1647 1881 justitia,
1670 1800 1920 1855 alleluia.
1940 1799 2010 1855 Ὦ.
2042 1801 2115 1854 Ut

1331 1872 1509 1927 ditem
1555 1870 1862 1940 diligentes
1906 1888 2018 1937 me,
2063 1871 2157 1925 et
2154 1899 2158 1990 ἢ

1330 1944 1627 2000 thesauros
1638 1942 1837 1997 eorum
1849 1944 2113 2013 re'pleam.

1303 1995 1308 2061 i
1332 2048 1400 2054 —
1428 2016 1598 2084 Opes,

1593 2084 1798 2143 {Uerno
1825 2098 1880 2140 υ.

1472 2157 1489 2161 ’
1546 2157 1590 2209 E
1619 2157 1727 2209 hoc
1756 2154 1936 2225 igitur
1954 2155 2117 2209 corde
2155 2119 2159 2262 ι

1569 2226 1733 2295 quasi
1773 2226 2015 2281 fornace
2041 2226 2118 2280 di·
2156 2281 2158 2291 ἱ

1568 2297 1685 2351 vini
1706 2297 2119 2367 ardorisVirgo
2156 2309 2159 2348 ἐ

1336 2368 1943 2437 ueatapro'tulitverba
1954 2370 2118 2434 bona,
2156 2377 2159 2444 Ι

1333 2438 1390 2491 id
1408 2448 1493 2492 est
1515 2440 1691 2493 verba
1704 2440 2119 2494 ardentissimae
2156 2449 2159 2470 ’

1334 2508 1606 2564 caritatis,
1677 2510 1837 2564 Sicut
1897 2511 2049 2564 enim
2087 2525 2118 2562 a

1335 2597 1472 2634 vase
1513 2581 1736 2650 optimo
1766 2582 1902 2634 vino
1931 2582 2115 2664 plenO,
2157 2600 2159 2633 ι

1338 2668 1447 2704 non
1476 2661 1665 2719 potest
1691 2652 1849 2706 exire
1892 2652 1996 2705 nisi
2026 2651 2120 2721 ὀρ·

1336 2722 1538 2776 timum
1570 2722 1766 2775 vinum
1803 2743 1814 2777 :
1854 2732 1955 2777 aut
1981 2722 2119 2776 sicut

1337 2810 1370 2846 a
1400 2793 1636 2847 fornace
1665 2794 1872 2848 summi
1906 2792 2121 2848 ardoris
2159 2817 2162 2851 l

1340 2881 1451 2917 non
1483 2865 1779 2934 egreditur
1806 2865 1905 2919 nisi
1934 2865 2121 2919 incen·
2159 2859 2162 2923 Ϊ

1337 2936 1493 2989 dium
1561 2936 1790 2989 fervens
1850 2956 1861 2990 :
1913 2935 1991 2989 sic
2052 2935 2119 2988 de

1337 3008 1508 3061 corde
1546 3006 1749 3060 Matris
1783 3007 1991 3061 Christi
2030 3022 2122 3059 ex·
2159 3017 2162 3088 ζ

1339 3077 1573 3158 ire-non
1631 3078 1817 3157 potuit
1868 3078 2162 3160 verb'umw

1339 3165 1441 3201 n1S1
1506 3164 1730 3214 summi,
1795 3162 2120 3215 summeque

1339 3220 1516 3274 divini
1536 3219 1748 3273 amoris
1767 3227 1938 3287 atque
1957 3218 2123 3271 ardo-

2159 3292 2164 3334 Ι
