2250 3810
605 337 773 390 D1E⁷9
802 322 940 377 D'EC.

164 454 253 501 cto
267 446 546 517 Juventio
565 447 794 511 cemite‚
823 444 936 500 tra-

165 517 318 581 didit,
373 526 429 571 et
490 526 673 572 totam
741 519 933 571 urbem

163 604 284 642 cum
313 587 521 642 vicinia
560 589 633 643 ad
673 588 778 642 Dei
821 588 934 641 veri

163 659 514 728 agnitic'mem
549 726 552 729 ἢ
615 660 935 728 Christique

163 732 364 784 cultum
393 730 695 795 convertit,
719 730 937 784 statuta

162 800 365 856 ibidem
381 801 513 855 sede
531 801 858 871 episcopali.
884 802 936 854 Is

161 887 294 942 ergo
334 872 464 927 dum
505 875 578 927 ad
620 872 932 942 injunctum

160 942 257 997 sibi
279 959 418 1012 opus
435 959 537 1013 per
552 960 755 1013 agrum
773 959 936 997 vero-

163 1013 384 1068 nensem
430 1015 716 1085 preperat.
758 1014 933 1068 Vere-

165 1100 251 1139 nae
278 1086 492 1154 primus
522 1085 777 1140 emnium
807 1085 936 1139 mis-

162 1171 276 1209 sam
310 1156 579 1221 celebrat,
612 1156 935 1225 ibidemque

162 1226 576 1281 adolescentem
649 1227 932 1281 mertuum

160 1299 229 1352 ad
244 1297 419 1352 vitam
430 1297 742 1362 revocavit,
753 1298 933 1352 filium

161 1367 378 1423 unicum
393 1369 592 1423 matris
603 1368 793 1423 viduae
803 1385 936 1438 ;quo

162 1438 328 1504 facto,
377 1439 681 1493 innumera
725 1440 936 1494 civium

161 1510 479 1572 multitudo,
503 1511 639 1564 dum
669 1511 723 1564 in
741 1510 935 1580 primis

160 1580 271 1650 ipse
297 1582 632 1635 adolescens
658 1598 787 1635 cum
816 1598 936 1636 ma-

160 1659 240 1705 tre
264 1661 320 1706 et
338 1660 467 1712 tota
487 1652 726 1716 familia,
751 1653 936 1707 susce-

161 1730 254 1791 pto
277 1722 642 1794 baptismate,
665 1725 851 1793 legem
879 1732 936 1777 et

161 1792 479 1849 doctrinam
507 1795 793 1864 evangelii
817 1811 936 1848 am-

161 1864 365 1933 plexati
386 1874 534 1921 sunt.
560 1866 768 1935 Quare,
791 1882 936 1936 prae·

160 1938 413 1992 currente
449 1937 609 1992 fama
641 1937 934 2008 signerum

159 2014 213 2061 et
247 2009 534 2063 adventus
563 2008 697 2063 boni
736 2008 930 2078 patriS‚

158 2078 327 2148 Syrus
365 2079 680 2134 honorifice
721 2087 778 2133 et
820 2097 934 2135 ma—

157 2164 269 2217 gna
293 2167 392 2220 spe
415 2151 715 2220 praesentis
741 2151 937 2206 salutis

158 2234 188 2272 a
232 2220 626 2276 Ticinensibus
667 2222 938 2291 exceptus

158 2298 256 2355 est,
270 2295 564 2361 crevitque
584 2293 935 2363 magnepere

162 2363 288 2416 novi
331 2363 592 2433 praesulis
641 2365 794 2433 apud
841 2380 939 2419 eos

161 2434 469 2499 veneratio,
526 2434 622 2488 ubi
683 2451 752 2488 ex
815 2437 938 2489 solo

163 2506 423 2560 contactu
472 2505 937 2561 vestimenterum

160 2574 274 2642 ejus
306 2577 409 2630 visi
437 2584 569 2630 sunt
612 2576 824 2630 infirmi
852 2593 940 2631 sa-

160 2645 317 2701 nitati
365 2647 734 2716 integerrime
780 2649 939 2703 resti-

162 2715 280 2774 tuti.

194 2787 270 2843 232.
290 2789 490 2844 Inveni
506 2790 694 2843 David
711 2806 938 2844 servum

162 2875 367 2924 meum,
409 2860 538 2914 eleo
573 2868 775 2915 sancto
812 2878 940 2916 meo

161 2931 291 2984 unxi
310 2947 442 2986 eum
473 2933 539 2985 :³⁶
564 2933 769 2986 Manus
788 2933 936 2987 enim

161 3016 287 3056 mea
305 3001 673 3056 auxiliabitur
683 3003 750 3057 ei.
770 3006 833 3058 Χῖ
846 3005 893 3056 N
900 3004 942 3058 i-

160 3072 234 3125 hil
277 3072 540 3142 proficiet
578 3074 841 3129 inimicus
883 3075 938 3127 in

160 3158 244 3207 eo,
299 3152 357 3199 et
420 3143 568 3198 filius
628 3145 943 3214 iniquitatis

162 3229 272 3267 non
291 3215 518 3269 nocebit
535 3215 602 3271 ei.
624 3247 695 3255 ——
711 3218 934 3271 ManuS.

978 354 1043 360 --
1073 336 1118 392 S.
1156 333 1313 375 SYRI.
1740 341 1773 392 9

1241 446 1445 501 Dtttin
1471 455 1523 501 n.
1663 507 1666 508 a

993 513 1227 644 IGitur
1252 516 1289 570 S
1336 531 1445 581 ωε,
1478 515 1648 571 officii
1688 518 1773 572 sui

1085 585 1275 640 minist
1315 588 1398 641 ria
1449 588 1771 657 aggressuS‚

994 656 1342 712 incessanter
1368 658 1601 712 verbum
1647 659 1771 725 Dei,

993 743 1107 781 non
1127 729 1310 783 solum
1330 730 1775 798 perticinensem

993 799 1309 868 regienem,
1338 800 1437 854 sed
1472 800 1646 855 etiam
1676 818 1778 871 per

995 869 1314 925 Insubriam
1358 878 1542 926 totam
1580 881 1636 926 et
1677 888 1779 942 per

993 940 1283 1009 Liguriam
1302 942 1619 1007 deferebat,
1636 944 1775 997 Ver-

992 1012 1045 1066 bi
1074 1010 1356 1067 incarnati
1397 1014 1671 1083 mysteria
1698 1013 1775 1068 al-

992 1089 1167 1151 taque
1213 1083 1544 1137 Divinitatis
1591 1100 1775 1139 sacra-

994 1153 1189 1208 menta
1230 1154 1509 1223 aperienS.
1555 1163 1613 1208 et
1657 1156 1778 1210 uni-

996 1225 1188 1279 versos
1238 1225 1312 1279 ad
1363 1224 1508 1295 legis
1557 1226 1776 1281 divinae

993 1294 1420 1350 observantiam
1451 1297 1773 1352 cohertanS.

993 1367 1263 1422 Traditur
1350 1368 1526 1422 etiam
1619 1370 1778 1438 alpes

995 1438 1777 1507 Rhetierumtranscendisse,

992 1517 1050 1562 et
1078 1509 1399 1574 Lauricum,
1418 1510 1775 1579 praecipuum

994 1580 1334 1634 Noricerum
1374 1580 1672 1650 eppidum,
1703 1582 1778 1636 ad

993 1650 1321 1706 christianae
1396 1651 1532 1718 fidei
1593 1653 1779 1706 lucem

994 1721 1272 1776 excitasse
1307 1742 1319 1776 ε
1362 1722 1483 1793 ejus
1521 1738 1659 1776 sane
1698 1723 1780 1777 di-

993 1793 1096 1847 ctis
1137 1792 1451 1847 maximum
1486 1793 1781 1849 addebant

993 1864 1213 1933 pondus
1229 1865 1427 1919 crebro
1439 1864 1593 1920 edita
1610 1866 1777 1935 signa

993 1942 1052 1990 et
1092 1935 1385 1991 miracula.
1434 1937 1582 1991 Nam
1631 1936 1782 1992 inter

993 2006 1127 2071 alia,
1195 2007 1330 2062 dum
1406 2006 1780 2076 praedicando

994 2094 1125 2132 rura
1162 2079 1453 2149 peragrat,
1487 2079 1610 2132 viro
1649 2095 1778 2135 cum

993 2149 1127 2204 dolo
1154 2149 1387 2204 adeunti
1413 2149 1775 2219 Episcopum,

994 2237 1062 2274 ac
1084 2221 1390 2290 propterea
1408 2221 1564 2275 omni
1584 2221 1779 2289 loque-

993 2293 1048 2345 la
1076 2291 1365 2360 destituto,
1414 2291 1574 2345 fandi
1603 2292 1779 2346 facul-

995 2361 1175 2416 tatem
1207 2363 1469 2417 oratiene
1495 2378 1597 2416 sua
1625 2362 1777 2417 resti-

994 2433 1118 2486 tuit.
1144 2433 1329 2488 Surdo
1349 2433 1514 2487 simul
1542 2439 1599 2486 et
1621 2441 1780 2488 muto

995 2504 1284 2572 loquelam
1307 2520 1437 2558 cum
1460 2503 1659 2558 auditu
1681 2503 1782 2558 im·

998 2574 1247 2644 pertivit,
1302 2573 1561 2629 adhibito
1612 2591 1784 2644 super

997 2662 1059 2700 os
1109 2653 1168 2701 et
1211 2661 1377 2701 aures
1422 2645 1567 2701 illius
1611 2645 1777 2716 signo

979 2717 1189 2779 ¹crucis,
1227 2718 1443 2773 Laudae
1485 2719 1623 2771 Pom
1631 2717 1780 2787 peiae

995 2803 1154 2842 caeco
1201 2806 1237 2843 a
1288 2787 1591 2844 nativitate
1640 2789 1780 2843 lucis

997 2859 1180 2914 visum
1200 2859 1546 2929 impetravit.
1568 2859 1779 2916 Brixiae

997 2938 1055 2984 et
1081 2930 1216 2985 alibi
1243 2931 1453 3001 saepius
1488 2930 1780 2986 daemenia

996 3001 1067 3056 de
1085 3002 1417 3071 corperibus
1437 3001 1676 3054 obsessis
1695 3001 1783 3059 fu-

996 3071 1176 3142 gavit.
1213 3071 1451 3129 Curavit
1492 3079 1683 3125 autem
1725 3072 1778 3127 in

999 3144 1192 3213 primis
1236 3151 1314 3208 ut,
1351 3142 1625 3197 saeviente
1662 3143 1783 3196 Me-

998 3213 1211 3269 diolani
1274 3212 1663 3284 persecutione
1725 3214 1780 3269 in
