2250 3810
165 349 1769 406 QQQQQQQAEAE

384 457 983 587 Balennatium
1042 512 1518 599 perpetuum

165 656 294 712 pro
329 643 549 703 Clero
585 646 817 706 Civit.
853 652 929 704 et
966 646 1210 704 Dioec.
1252 648 1764 706 pisaurensis,

680 873 721 921 F
724 872 902 921 ESTA
937 872 1233 922 MOBILIA.

217 951 241 974 ³*
273 953 310 996 F
311 954 405 997 eria
427 954 511 998 VI.
526 962 636 1011 post
654 954 848 999 Cineres
863 955 1026 998 Sacrae
1043 955 1236 1011 Spineae
1254 954 1466 999 Coronae
1485 955 1545 999 D.
1565 955 1761 1016 N.J.C.,

326 1013 456 1071 dupl.
486 1014 595 1071 maj,
630 1015 804 1058 Comm.
835 1014 872 1057 F
874 1016 1000 1058 eriae.
1589 1029 1593 1033 ⁴

214 1071 238 1094 ⁴*
271 1073 404 1117 Feria
426 1073 510 1118 VI.
534 1081 644 1130 post
669 1074 810 1118 Dom.
842 1073 878 1118 Ι.
908 1073 1155 1130 Quadrag.
1189 1073 1398 1117 Lanceae
1430 1080 1475 1117 et
1510 1073 1768 1118 Clavorum

328 1132 387 1179 D.
411 1134 472 1178 N.
497 1133 537 1190 J.
560 1135 634 1184 C..
658 1134 786 1190 dupl.
818 1133 929 1189 maj.
963 1133 1138 1177 Comm.
1169 1133 1334 1177 Feriae.

215 1191 237 1214 '‘
272 1192 405 1237 Feria
427 1193 511 1237 VI.
542 1204 650 1249 post
677 1193 817 1236 Dom.
854 1193 914 1237 ΙΙ.
945 1192 1243 1248 Quadrages.
1283 1192 1632 1237 Sacratissimae
1664 1192 1768 1237 Sin-

322 1253 461 1297 donis
489 1252 546 1296 D.
580 1249 639 1296 N.
667 1252 706 1308 J.
737 1251 812 1303 C.,
840 1253 970 1309 dupl.
1010 1252 1124 1308 maj.
1155 1252 1327 1296 Comm.
1358 1252 1523 1296 Feriae.

213 1311 237 1334 ⁴*
270 1312 403 1356 Feria
426 1313 511 1356 VI.
540 1319 650 1368 post
675 1312 818 1356 Dom.
854 1312 941 1356 111.
970 1311 1221 1367 Quadrag.
1263 1311 1517 1356 Sacrorum
1556 1312 1769 1369 quinque

324 1372 587 1416 Vulnerum
604 1372 662 1416 D.
683 1372 739 1415 N.
756 1371 874 1431 Jesu
893 1371 1082 1421 Christi,
1104 1373 1233 1428 dupl.
1259 1372 1369 1428 maj.
1399 1372 1571 1415 Comm.
1598 1371 1765 1416 Feriae.

212 1427 236 1451 ⁴*
268 1430 401 1475 Feria
426 1432 510 1475 VI.
540 1439 647 1487 post
681 1432 823 1475 Dom.
868 1430 946 1474 1V.
985 1430 1231 1487 Quadrag.
1276 1431 1608 1475 Pretiosissimi
1643 1431 1767 1475 San·

322 1492 479 1546 guinis
506 1491 562 1535 D.
595 1491 654 1534 N.
684 1491 795 1547 Jesu
818 1490 1008 1539 Christi,
1035 1491 1168 1546 dupl.
1194 1490 1303 1546 maj.
1338 1490 1511 1534 Comm.
1547 1490 1709 1534 Feriae.

268 1551 402 1595 Feria
444 1551 530 1594 VI.
587 1558 694 1607 post
754 1551 896 1595 Dom.
963 1549 1215 1593 Passionis.
1279 1552 1474 1605 Septem
1531 1548 1766 1593 Dolorum

324 1610 374 1654 B.
406 1611 582 1654 Mariae
604 1610 753 1666 Vir-g.¹
782 1611 911 1666 dupl.
944 1609 1052 1663 maj.
1089 1610 1264 1652 Comm.
1295 1608 1459 1652 Feriae.

738 1717 779 1765 F
782 1714 1180 1764 EBRUARIUS.

157 1809 206 1840 10
264 1798 309 1843 S.
339 1800 658 1844 Scholasticae
682 1798 834 1856 Virg.‚
862 1799 992 1855 dupl.

155 1870 200 1900 11
263 1858 342 1902 SS.
372 1860 572 1917 Septem
600 1859 859 1903 Fundator.
889 1857 1003 1902 Ord.
1035 1856 1218 1901 Servor.
1253 1857 1301 1901 B.
1334 1856 1405 1903 M.
1432 1856 1509 1902 V..
1537 1857 1667 1915 dupl.

155 1917 230 1959 12*
262 1919 308 1963 S.
340 1919 571 1964 Feliciani
597 1920 685 1976 Ep.
716 1928 763 1964 et
789 1920 951 1969 Mart..
980 1919 1109 1975 dupl.

156 1975 231 2034 13*
263 1978 308 2022 S.
341 1979 563 2036 Gregorii
593 1979 651 2022 11.
685 1979 797 2035 Pap.
829 1978 987 2030 Cons„
1014 1978 1145 2035 dupl.

152 2037 230 2091 14*
263 2038 307 2082 S.
339 2039 560 2095 Dionysii
590 2039 623 2082 1.
655 2039 769 2095 Pap.
801 2038 958 2089 Conf.,
987 2038 1115 2094 dnpl.
1151 2037 1324 2082 Comm.
1349 2037 1394 2082 S.
1421 2036 1663 2082 Valentini
1689 2037 1757 2081 M.

153 2096 229 2152 15*
261 2099 305 2142 S.
336 2099 515 2143 Zosimi
537 2099 725 2201 {maan
753 2105 800 2141 et
839 2098 999 2148 Conf.,
1037 2098 1167 2154 dupl.
1212 2097 1384 2142 Comm.
1424 2097 1506 2142 SS.
1548 2097 1762 2142 Faustini

323 2166 368 2202 et
395 2159 506 2203 Soc.
655 2192 664 2202 .

152 2214 228 2259 16*
264 2218 313 2261 B.
344 2217 567 2273 Gregorii
596 2218 651 2261 X.
687 2218 799 2273 Pap.
831 2225 876 2261 et
901 2216 1061 2268 Conf..
1089 2218 1220 2274 dupl.

151 2276 228 2329 17*
261 2277 308 2321 S.
336 2276 541 2322 Antheri
570 2277 683 2333 Pap.
715 2278 877 2328 Mart„
903 2277 1031 2333 dupl.

151 2334 229 2378 18*
261 2337 307 2381 S.
339 2336 628 2392 Telesphori
657 2337 770 2393 Pap.
800 2345 846 2380 et
882 2337 1044 2386 Mart.‚
1073 2336 1205 2393 dupl.
1240 2337 1413 2381 Comm.
1443 2335 1488 2380 S.
1528 2336 1766 2381 Simeonis

322 2397 364 2440 Ε
404 2432 413 2441 .
446 2404 493 2439 et
521 2396 661 2439 Mart.

148 2456 227 2511 19*
261 2456 307 2500 S.
342 2411 618 2512 Apgathonis
642 2455 678 2500 I.
713 2456 825 2512 Pap.
857 2464 904 2499 et
930 2455 1091 2506 Conf..
1120 2456 1251 2512 dupl.

88 2537 93 2568 ,
145 2514 230 2557 20*
264 2515 311 2559 S.
345 2515 532 2572 Hygini
562 2515 594 2559 1.
629 2515 742 2570 Pap.
772 2523 818 2559 et
844 2515 1007 2562 Mart..
1036 2515 1165 2570 dupl.

143 2572 229 2617 21*
262 2575 308 2619 S.
337 2574 539 2631 Josephi
573 2589 601 2617 a
627 2574 860 2618 Leonissa
883 2573 1042 2624 Confi,
1072 2574 1203 2629 dupl.

141 2645 197 2676 22
261 2633 512 2678 Cathedra
544 2636 590 2679 S.
623 2634 746 2678 Petri
779 2635 870 2690 Ap.
909 2633 1195 2684 Antiochiae,
1224 2633 1356 2690 dupl.
1386 2634 1554 2692 majus.
1588 2633 1761 2678 Comm.

323 2695 370 2738 S.
410 2694 539 2738 Pauli
566 2696 656 2750 Ap.

140 2764 197 2808 23
272 2753 481 2810 Vigile'a.
510 2753 556 2797 S.
592 2754 713 2797 Petri
740 2753 978 2797 Damiani.
1009 2751 1153 2797 Card.
1181 2753 1268 2810 Ep.
1294 2753 1347 2799 C.
1373 2762 1421 2799 et
1440 2753 1602 2805 Dotst..
1631 2753 1763 2811 dupl.

141 2825 198 2866 24
261 2813 310 2857 S.
343 2812 554 2856 Mathiae
576 2813 687 2869 Ap„
716 2814 846 2870 dupl.
876 2814 926 2869 ij.
953 2813 1085 2856 class.

140 2869 227 2927 25*
261 2873 312 2918 S.
344 2872 515 2916 Felicis
542 2873 633 2916 111.
666 2873 778 2928 Pap.
809 2881 855 2916 et
879 2871 1039 2922 Confi,
1066 2872 1196 2929 dupl.

140 2929 226 2974 26*
262 2931 316 2975 B.
346 2931 545 2975 Antonii
569 2933 632 2975 ab
655 2932 928 2975 Amandula
953 2931 1112 2981 Cous..
1140 2933 1272 2990 dupl.

138 2989 226 3045 27*
259 2992 307 3036 S.
343 2992 621 3047 Raymundi
642 2992 703 3034 de
720 2991 977 3035 Pennasort
997 2991 1156 3042 Confi,
1176 2993 1425 3051 semidupl.
1453 2993 1524 3048 (ex
1538 3005 1595 3048 23
1612 2987 1764 3048 Jan.)

140 3048 227 3093 28*
261 3051 311 3094 S.
346 3051 568 3094 Maronis
590 3051 749 3101 Mart..
776 3052 906 3107 dupl.

324 3136 389 3179 ln
415 3136 563 3178 Anno
581 3135 831 3178 Bissextili
849 3135 1077 3179 Februar.
1098 3135 1236 3178 kabel
1256 3136 1356 3180 dles
1374 3149 1449 3192 29;
1465 3149 1524 3178 ac
1532 3134 1737 3191 proinde
1748 3149 1766 3177 .·

387 3196 443 3238 de
465 3195 515 3237 S.
544 3194 744 3238 ΜαίΙιία
771 3195 946 3252 Ap.flt
965 3195 1044 3238 die
1067 3206 1138 3251 25.

388 3255 442 3298 de
458 3255 510 3298 S.
540 3255 696 3298 Felice
719 3254 816 3299 ΙΙΙ.
848 3255 964 3313 Pap.
990 3259 1036 3298 et
1060 3253 1192 3311 Confi
1215 3253 1293 3297 die
1316 3254 1384 3297 26.

625 3353 699 3360 .—

78 3287 83 3338 ἓ
