2250 3810
916 391 1338 478 matthaeus
1370 391 1694 476 Filipzlln

733 522 766 555 E
799 521 1133 556 TAURmENsr
1166 519 1576 555 THEOLOGORUM
1610 515 1877 552 COLLEGIO

810 578 899 628 ὑεῖ
935 594 1003 627 ET
1035 592 1382 628 APOSTOLICAE
1415 590 1563 625 snors
1596 589 1803 624 GRATm

647 677 1016 722 EPISCOPUS
1059 675 1557 723 EPOREDIENSIS
1601 674 1689 718 ET
1731 671 1961 718 COMES

496 765 767 810 Venerabili
798 773 844 810 et
868 765 1104 809 Universo
1129 764 1271 808 Clero
1295 764 1532 808 Dioecesis
1563 762 1776 807 Salutem
1808 762 1855 804 in
1880 761 2101 805 Domino.

592 860 696 904 UM
725 860 881 904 Nobis
913 861 972 904 sit
1005 867 1307 917 compertum
1337 859 1516 917 Proprii
1548 858 1785 902 Dioecesis
1816 869 1994 901 novam
2027 857 2108 900 im·

616 921 910 977 pressionem
943 935 972 964 a
994 920 1147 964 Vobis
1178 920 1449 969 desiderari,
1481 918 1643 963 vestris
1676 925 1939 962 annuentes
1972 917 2101 965 votis,

497 988 742 1024 exaratum
765 994 794 1024 a
821 979 1180 1023 Praedeeessore
1207 979 1388 1023 Nostro
1409 978 1609 1036 Aloysio
1635 978 1839 1022 Moreno
1873 976 2020 1020 felicis
2043 989 2108 1019 re-

498 1040 807 1090 cordationis,
826 1039 1098 1094 complures
1116 1041 1360 1095 requirens
1382 1038 1746 1083 emendationes
1765 1037 1929 1093 quoad
1953 1037 2110 1092 aliqua

499 1099 671 1144 Officia
703 1112 734 1142 a
756 1099 804 1142 S.
833 1098 956 1142 Sede
988 1097 1263 1155 reformata,
1293 1098 1673 1156 recognovimus.
1710 1097 1901 1146 Pariter.
1930 1097 1993 1141 ad
2016 1109 2111 1139 ma-

494 1161 648 1216 jorem
673 1158 987 1202 Sacerdotum
1011 1158 1423 1208 commoditatem,
1445 1170 1557 1213 quae
1580 1155 1738 1200 officia
1755 1156 2045 1212 jamdudum
2066 1157 2112 1197 in

501 1218 727 1263 omnibus
753 1217 1098 1261 Breviariorum
1123 1218 1415 1262 editionibus
1447 1218 1678 1273 impressa
1711 1215 2014 1259 inveniuntur
2035 1228 2113 1258 cu-

499 1277 708 1322 ravimus
741 1279 1076 1332 expungenda,
1105 1277 1421 1333 adiungenda
1450 1284 1625 1326 autem,
1656 1283 1903 1332 tamquam
1938 1283 2115 1319 nostrae

504 1337 784 1381 Dioeceseos
815 1336 1024 1392 propria,
1052 1349 1082 1379 a
1104 1337 1296 1380 duobus
1320 1336 1547 1393 proximis
1575 1335 1763 1379 Nostris
1789 1335 2115 1379 Praedecesso-

501 1397 647 1447 ribus,
675 1407 883 1452 quorum
907 1396 1142 1439 memoria
1162 1397 1208 1439 in
1233 1396 1571 1440 benedictione
1602 1404 1686 1446 est,
1714 1395 1802 1438 rite
1823 1394 2110 1439 introducta.

625 1481 688 1524 Et
712 1479 818 1524 Nos
842 1480 939 1536 Ipsi
965 1480 1174 1524 maxima
1196 1480 1339 1523 animi
1364 1478 1532 1523 laetitia
1553 1480 1823 1534 gaudentes
1846 1478 1941 1522 alte
1975 1478 2116 1522 fixam

504 1553 607 1584 esse
644 1539 691 1583 in
730 1539 929 1596 populo,
957 1539 1155 1584 Nostrae
1191 1552 1321 1583 curae
1359 1539 1631 1590 commiSSO‚
1659 1538 1967 1582 devotionem
2005 1550 2120 1594 erga

508 1600 558 1644 B.
581 1600 651 1643 M.
673 1599 729 1644 V.
760 1599 866 1650 Dei,
888 1599 1134 1655 nostrique
1160 1599 1379 1649 Matrem,
1408 1608 1455 1641 et
1478 1611 1592 1654 erga
1614 1597 2000 1642 Sacratissimum
2023 1597 2122 1642 Cor

510 1659 621 1718 lesu
644 1658 821 1703 Christi
846 1659 906 1702 D.
937 1658 1020 1710 N„
1046 1672 1075 1702 a
1099 1658 1246 1702 Sacra
1271 1659 1466 1702 Rituum
1492 1657 1881 1714 Congregatione
1903 1658 2122 1701 obtinere

504 1719 776 1763 studuimus
799 1725 899 1762 tum
924 1718 1150 1762 Officium
1174 1718 1437 1774 proprium,
1462 1717 1559 1760 sive
1588 1718 1636 1759 Β.
1660 1717 1731 1762 Μ.
1751 1717 1807 1760 V.
1836 1717 1976 1761 titulo
1995 1717 2122 1760 Con-

506 1778 756 1822 solationis
780 1777 966 1830 Matris,
989 1779 1089 1834 jam
1122 1778 1309 1833 pridem
1333 1776 1679 1821 Archidioecesi
1701 1776 1745 1819 T
1747 1776 1986 1820 aurinensi
2011 1790 2124 1820 con-

505 1850 706 1886 cessum.
735 1850 844 1881 cum
868 1837 983 1881 illud
1007 1838 1055 1880 Β.
1079 1837 1362 1894 Margaritae
1386 1837 1558 1881 Mariae
1581 1835 1834 1891 Alacoque,
1852 1836 2127 1880 devotionis

506 1911 619 1955 erga
641 1898 710 1942 Ss
749 1896 846 1942 Cor
866 1896 979 1953 Jesu
1010 1896 1154 1941 almae
1187 1896 1546 1954 propagatricis
1578 1896 1717 1947 Item,
1746 1909 1912 1952 quum,
1941 1896 2039 1940 sive
2072 1896 2125 1940 in

507 1957 726 2008 Civitate,
742 1958 839 2001 sive
856 1957 904 1999 in
927 1957 1136 2000 Dioecesi
1155 1957 1321 2001 multae
1334 1958 1428 2001 sint
1447 1957 1679 2000 Ecclesiae
1696 1959 1891 2000 sanctae
1911 1956 2129 2000 Marthae

505 2016 686 2073 Virgini
717 2017 902 2065 dicatae,
932 2016 1052 2061 votis
1075 2016 1394 2073 complurium
1420 2016 1709 2060 Curatorum
1738 2017 2010 2060 animarum
2042 2029 2129 2060 an-

512 2084 728 2127 nuentes,
773 2076 1072 2120 obtinuimus
1110 2083 1162 2119 ut
1200 2075 1375 2121 festum
1410 2076 1552 2133 hujus
1590 2076 1786 2119 Sanctae
1811 2074 2026 2132 Virginis
2064 2078 2128 2120 ad

505 2135 647 2180 ritum
671 2136 911 2191 duplicem
934 2135 1220 2179 eveheretur.

625 2206 812 2261 Quibus
835 2208 920 2251 rite
941 2208 1190 2258 ordinatis,
1214 2208 1503 2266 mandamus
1523 2206 1822 2251 Kalendaria
1844 2220 2022 2252 annua.
2042 2220 2131 2251 seu
2167 2187 2172 2272 ἱ

492 2267 763 2314 ,ἀίτεοῑοτιει
785 2267 1052 2311 divinarum
1076 2280 1274 2323 precum
1295 2268 1523 2324 deinceps
1546 2267 1609 2310 ad
1634 2267 1847 2311 tramites
1868 2268 2011 2323 hujus
2029 2268 2133 2311 ediu
2168 2277 2174 2325 ξ

506 2326 652 2371 tionis
675 2327 873 2369 omnino
890 2325 1061 2369 confici
1085 2340 1095 2370 :
1115 2327 1344 2371 universis
1363 2340 1474 2371 vero
1496 2333 1543 2370 et
1564 2326 1765 2382 siugulis
1788 2333 1916 2370 tam(
1937 2326 2134 2386 'ivitatis
2169 2333 2174 2360 Ι
2227 2353 2228 2356 =

506 2398 652 2441 quam
677 2385 913 2429 Dioecesis
938 2386 1284 2430 Ecclesiasticis
1307 2386 1427 2438 viris,
1450 2395 1497 2431 et
1523 2388 1775 2430 §acrarum
1799 2386 1998 2429 laudum
2025 2387 2133 2443 lege
2169 2367 2174 2452 Ι

506 2445 751 2495 devinctis.
779 2445 827 2488 id
860 2458 1052 2501 quoque
1085 2445 1134 2488 in
1167 2446 1338 2490 virtute
1370 2459 1555 2491 sanciae
1576 2446 1873 2490 obedientiae
1906 2446 2133 2502 praecipi-

506 2518 626 2556 mus,
647 2515 700 2548 ut
723 2504 829 2548 haec
847 2505 1010 2548 divina
1026 2504 1198 2550 Officia
1218 2506 1297 2562 pie
1318 2506 1595 2563 suscipiant,
1619 2507 1860 2561 istumque
1882 2506 1973 2550 sibi
1998 2519 2134 2550 com-

493 2573 732 2622 parantes
764 2564 976 2608 libellum
1010 2578 1068 2609 ea
1099 2566 1441 2616 continentem,
1469 2566 1660 2622 publice
1682 2579 1739 2609 ac
1762 2565 1985 2621 privatim
2014 2566 2132 2610 reci-

506 2633 622 2669 tent.
654 2623 755 2668 Vos
784 2625 978 2668 tandem
1013 2637 1255 2681 rogamus,
1283 2626 1530 2670 Carissimi
1553 2634 1600 2670 et
1623 2626 1932 2670 obsecramus
1955 2625 2007 2669 in
2037 2626 2136 2669 Do-

506 2685 638 2728 mino
650 2683 781 2743 Jesu,
803 2693 853 2728 ut
871 2698 1075 2740 quorum
1092 2686 1261 2729 laudes
1277 2686 1558 2742 persolvitis,
1579 2693 1627 2729 et
1643 2684 1939 2741 praeconium
1958 2685 2135 2734 facitis.

509 2744 702 2787 virtutes
725 2757 918 2801 quoque
935 2745 1243 2796 aemulemini,
1263 2746 1481 2801 exempla
1498 2744 1780 2801 sequamini,
1802 2746 2136 2789 constantiam

506 2809 553 2847 et
576 2804 722 2847 robur
744 2804 1026 2855 induamini:
1043 2805 1110 2849 ita
1134 2805 1334 2856 eveniet,
1354 2814 1406 2849 ut
1422 2805 1584 2848 divina
1594 2805 1770 2860 jugiter
1784 2803 1941 2848 officia
1962 2805 2131 2862 digne,
2173 2819 2178 2880 ι
2227 2801 2228 2856 ἰ

505 2870 688 2907 attente
710 2875 766 2907 av
790 2865 962 2908 devote
986 2866 1255 2914 recitantes,
1284 2878 1487 2922 quorum
1511 2864 1774 2921 gloriamur
1796 2864 2055 2920 triumphis
2078 2877 2137 2907 ac
2173 2887 2178 2910 ι

508 2922 745 2979 praesidiis
768 2922 979 2975 fruimur,
1007 2926 1304 2970 consortium
1327 2933 1375 2969 et
1397 2924 1575 2968 habere
1598 2936 1838 2979 possimus
1861 2923 1907 2966 in
1932 2925 2089 2968 coelis.
2175 2915 2178 2958 ἶ

629 3008 899 3063 Eporediae.
929 3025 955 3051 e
993 3010 1173 3066 palatio
1209 3009 1391 3053 Nostro
1425 3008 1715 3065 Episcopali,
1747 3007 1904 3052 Nonis
1937 3008 2138 3052 Martiis
2227 3019 2228 3056 ι

504 3080 536 3136 a
558 3067 739 3112 Sancto
763 3068 806 3111 T
812 3070 955 3112 homa
978 3070 1221 3125 Aquinate
1243 3069 1550 3113 solemnibus.

1303 3153 1662 3231 matthaei&
1696 3170 2005 3214 EPISCOPUS.

2178 3253 2185 3368 ..—
