2250 3810
536 345 648 385 mn
678 349 736 386 11
767 345 900 386 ocia
932 363 995 370 —-
1025 347 1069 388 s
1100 328 1435 396 TRo'P'mm,
1731 355 1798 406 29

175 462 273 516 nia
300 469 523 531 emptos
549 478 704 516 anno
728 469 854 516 toto
875 478 962 515 sa·-
1014 461 1282 543 habebat,
1311 464 1589 533 palatium
1617 465 1795 521 dona-

100 567 105 618 ,
172 532 528 620 ginabant:
571 549 714 601 quos
758 534 960 606 consti-
1015 531 1110 596 iit,
1168 532 1222 587 in
1280 550 1395 603 quo
1451 536 1794 605 Trophimus

98 623 103 668 5
173 603 302 659 tata
328 603 421 658 die
462 575 537 658 ad
575 604 756 686 ipsam
799 603 959 659 aram
1012 574 1326 659 oraterium
1389 606 1444 659 in
1513 607 1790 662 honarem

98 679 103 730 ἰ
172 674 578 739 immolabant,
598 675 960 730 victimarum
1011 673 1201 730 beatae
1229 676 1432 732 Mariae
1461 678 1715 748 Virginis
1734 687 1790 733 et

98 739 101 784 ἶ
172 745 453 815 sanguine
496 745 957 801 circumstantem
1009 746 1193 800 sancti
1256 748 1535 816 Stephani
1591 751 1788 805 Proto-

98 865 101 876 ,
173 818 403 886 plebem
462 817 853 886 aspergentes,
913 819 956 871 E
1011 816 1625 888 martyrisaedificavit,
1634 823 1789 890 quod

96 899 101 956 ξ
170 888 391 974 cryptis
442 896 499 942 et
539 889 775 943 latebris
835 889 957 944 urbi
1009 888 1209 956 pastea
1250 890 1371 958 ejus
1410 890 1661 959 reliquiis
1686 892 1788 946 sub

171 958 379 1013 vicinis
399 960 700 1030 emergens
717 960 957 1029 Trophi-
1012 958 1274 1013 Honerio
1320 961 1665 1029 imperatere
1705 979 1789 1017 re-

173 1046 318 1096 muS,
360 1036 535 1099 atque
586 1033 734 1085 hunc
786 1032 955 1085 ritum
1008 1030 1183 1098 pertis
1204 1031 1788 1087 mirificeillustratum

95 1115 101 1188 Ι
171 1109 296 1155 tam
339 1100 648 1156 barbarum
698 1109 757 1156 et
806 1103 958 1156 atre·
1008 1108 1106 1155 est.
1139 1101 1306 1182 Quod
1335 1118 1471 1156 vero
1497 1103 1572 1157 ad
1598 1111 1787 1158 ortum

94 1193 101 1228 ι
172 1188 299 1226 cem
323 1173 773 1241 perhorrescens,
783 1189 952 1228 evan
1006 1172 1140 1225 solis
1159 1173 1326 1241 juxta
1354 1172 1591 1243 paludes
1616 1174 1786 1229 situm

93 1233 99 1304 Ι
170 1243 371 1323 gelica
414 1244 825 1325 praedicatiene
874 1262 957 1299 se·
1006 1242 1273 1308 cernitur,
1322 1244 1511 1298 beatae
1554 1244 1783 1326 Virgini

94 1307 99 1384 ξ
171 1313 480 1385 quentibus
518 1315 708 1400 signiS‚
743 1322 823 1370 et
835 1317 956 1385 qui·
1005 1321 1063 1367 et
1088 1314 1399 1401 sepulturae
1416 1315 1666 1370 fidelium
1689 1317 1786 1371 de-

94 1399 97 1426 ¹
165 1386 301 1440 dem
331 1384 700 1450 admirandiS‚
731 1386 954 1442 sustulit
1005 1385 1299 1440 stinavit:
1327 1386 1531 1455 ibique
1572 1404 1783 1442 coeme-

94 1429 99 1524 Ι
164 1458 402 1522 docem,
434 1473 547 1511 non
577 1457 777 1512 cruere
806 1475 952 1514 mor·
1003 1455 1208 1511 terium
1259 1464 1382 1511 toto
1432 1457 1555 1511 orbi
1605 1458 1783 1513 terra-

92 1531 97 1594 !
156 1527 372 1596 ‘talium
455 1528 771 1595 heminum,
851 1531 949 1585 sed
1001 1542 1125 1581 rum
1179 1527 1606 1581 celeberrimum
1669 1529 1784 1583 sta-

163 1599 376 1655 Christi
404 1598 702 1684 sanguine,
722 1601 818 1668 qui
847 1617 949 1670 pro
1000 1598 1123 1652 tuit
1144 1599 1396 1652 Tantum
1416 1598 1662 1666 denique
1680 1599 1778 1653 do-

92 1675 95 1758 i
164 1669 426 1725 humana
466 1669 650 1724 salute
699 1671 948 1740 seipsum
999 1671 1182 1722 ctrina
1203 1676 1260 1722 et
1288 1668 1573 1724 miraculis
1592 1670 1778 1739 profe-

90 1763 95 1826 Ι
164 1741 415 1795 bestiam
444 1749 501 1795 et
526 1741 817 1796 victimam
848 1743 949 1797 im·
998 1739 1093 1805 cit,
1121 1747 1184 1793 ut
1219 1756 1289 1794 ex
1334 1740 1454 1809 ejus
1498 1740 1777 1809 praedica-

90 1829 95 1880 ς
166 1811 520 1867 maculatam
569 1812 790 1867 aeterno
845 1815 950 1868 Pa·
997 1809 1168 1866 tionis
1192 1810 1779 1879 fonte(quemadmo·

90 1893 97 1935 l
163 1884 237 1939 tri
266 1883 572 1950 obtulerat,
597 1883 803 1940 debere
823 1885 948 1941 illos
997 1881 1135 1937 dum
1161 1881 1365 1937 beatus
1393 1881 1647 1937 Zosimus
1674 1884 1777 1939 Pa·

90 1950 95 2017 l
161 1956 417 2026 aspergi,
457 1955 737 2026 Baptismi
788 1957 947 2012 lava-
997 1970 1072 2022 pa
1120 1954 1336 2021 scribit)
1405 1962 1531 2011 tota
1589 1953 1777 2010 Gallia

89 2020 95 2089 'l
163 2043 327 2082 crum
373 2027 667 2096 praedicat,
694 2043 808 2096 quo
846 2044 948 2098 per
994 2024 1132 2080 fidei
1194 2025 1408 2080 rivulos
1468 2025 1771 2095 acceperit.

88 2100 93 2161 Ι
163 2114 299 2152 eum
336 2098 600 2168 suscepto
637 2098 946 2168 praefectus
997 2097 1243 2152 Demum
1285 2104 1414 2166 post
1447 2096 1777 2152 innumeros

88 2166 94 2221 l
161 2169 481 2239 provinciae
530 2169 940 2238 Lugdunensis,
993 2183 1097 2237 pro
1124 2168 1482 2223 confessiene
1517 2168 1654 2222 fidei
1695 2170 1776 2224 la-

90 2264 93 2273 ·
162 2257 283 2295 una
323 2257 451 2294 cum
494 2257 711 2309 magna
750 2242 943 2311 pepuli
992 2239 1178 2304 bores,
1226 2239 1551 2308 multtisque
1595 2240 1774 2324 pepu-

161 2311 529 2366 multitudine
594 2327 707 2365 non
757 2314 942 2367 solum
993 2312 1093 2374 los,
1150 2310 1378 2365 Christo
1441 2310 1767 2378 acquisitOS,

162 2383 374 2438 Christi
396 2399 602 2437 nomen
621 2382 943 2452 apudcete-
990 2380 1170 2447 senio,
1212 2380 1525 2448 morbeque
1576 2382 1773 2435 confe-

160 2471 257 2509 ras
318 2454 583 2509 nationes
653 2454 943 2517 confessus
991 2459 1112 2506 ctus
1118 2460 1346 2521 ,quarto
1366 2450 1771 2536 KalendasJa-

160 2533 263 2593 est,
292 2541 492 2579 verum
533 2525 706 2580 etiam
749 2526 942 2580 Eccle-
989 2522 1176 2576 nuarii
1263 2521 1611 2579 obdormivit
1711 2522 1766 2576 in

157 2597 305 2652 siam
358 2596 645 2660 fundavit,
694 2595 939 2665 eamque
990 2594 1262 2659 Demin03
1280 2593 1502 2679 quadie
1529 2593 1649 2662 ejus
1675 2610 1772 2654 na-

158 2668 388 2739 magnis
429 2667 755 2722 muneribus
789 2670 965 2722 locu--
988 2665 1105 2720 tale
1134 2663 1469 2719 celebratur.
1504 2664 1772 2732 Sepultus
1819 2696 1825 2761 ἔ

1821 2416 1828 2497 am--—
1823 2332 1828 2389 —.-,.
1822 1603 1832 2293 ψ-ᾐ-ο-ῌ-η-ᾑ-ῌ-ῌ-..μ-,ῂ

84 2722 91 2771 ---v
86 2656 89 2703 -—
86 2416 93 2623 ...-„,--—.,--

154 2739 412 2809 pletavit.
987 2744 1074 2792 est
1114 2735 1349 2790 Arelate
1390 2737 1445 2789 in
1497 2736 1763 2802 aedicula,

191 2809 276 2866 Β.
312 2809 480 2865 Ρό5ιιί
508 2809 871 2879 adjuterium.
986 2824 1162 2877 quam
1190 2808 1309 2877 ipse
1336 2805 1526 2861 beatae
1549 2807 1766 2876 Virgini

401 2885 596 2938 turtio
621 2887 699 2943 ni
986 2878 1303 2944 dedicarit
1370 2893 1503 2947 quae
1579 2877 1762 2933 sancti

164 2973 165 2980 ¹
247 2992 284 3011 ..,
336 2954 487 3007 AM
517 2951 830 3022 Trophimo
858 2953 935 3005 lo·
958 2936 1274 3039 {Honorati
1300 2949 1467 3004 titulo
1495 2964 1644 3002 nunc
1683 2955 1768 3002 est

235 3047 238 3050 ·
290 3074 293 3083 Α
393 3040 523 3080 cum
570 3023 819 3092 aliquem
853 3023 961 3076 cli-1
986 3022 1277 3106 insignita.
1407 3020 1482 3070 R.
1519 3019 1629 3072 Iste
1657 3026 1759 3072 est.

160 3101 163 3106 “
242 3104 256 3108 ·
306 3109 354 3147 »η
393 3095 528 3150 vino
554 3094 728 3149 cultui
767 3110 936 3163 pecu-
1017 3096 1090 3146 In
1141 3095 1224 3161 zz'j.
1281 3093 1591 3149 Nocturlw
1645 3092 1766 3142 HO-

146 3142 372 3221 liaritr
397 3165 804 3222 destinandum
833 3181 935 3251 po·
983 3166 1163 3217 milza.
1178 3159 1563 3215 Lectiosancti
1584 3160 1769 3215 Evan-

80 3232 86 3348 Ι
146 3236 406 3305 stulanti,
469 3237 623 3306 quod
695 3235 931 3329 Arelate
982 3234 1136 3304 gelii.
1170 3235 1236 3287 de
1263 3234 1470 3287 Comm.
1475 3232 1530 3301 j.
1557 3232 1687 3286 loco.
