2250 3810
751 516 783 549 E
816 513 1150 566 TAURINENst
1184 518 1593 558 THEOLOGORUM
1626 518 1898 555 COLLEGto

828 589 918 623 DEI
954 590 1021 624 ET
1053 590 1400 628 APOSTOLICAE
1433 592 1581 626 SEDIS
1613 591 1823 626 GRATtA

665 671 1035 718 EP18COPUS
1076 653 1573 721 EPOREDIENSIS
1618 676 1704 719 ET
1748 674 1976 721 COMES

515 760 786 805 Venerabili
818 769 862 806 et
887 762 1123 807 Universo
1147 762 1289 807 Clero
1313 764 1551 809 Dioecesis
1580 764 1794 809 Salutem
1826 764 1874 807 in
1900 764 2120 809 Domino.

936 389 1355 476 matthaeus
1389 392 1713 478 Fittpettu
2160 307 2165 546 ἶ

2162 623 2165 730 i

517 854 715 971 CUM
743 856 899 901 Nobis
931 858 990 902 sit
1022 867 1323 915 compertum
1353 861 1533 917 Proprii
1565 860 1804 905 Dioecesis
1836 873 2011 905 novam
2044 862 2127 916 irn-
2163 867 2167 950 ι

635 917 928 972 pressionem
960 932 989 962 a
1011 918 1164 963 Vobis
1195 920 1466 970 desiderari.
1497 920 1660 965 vestris
1692 927 1956 965 annuentes
1989 921 2123 970 votis,

515 988 658 1020 exara
712 990 760 1020 m
783 989 813 1020 a
838 976 1196 1023 Praedecessore
1222 979 1404 1024 Nostro
1424 980 1625 1037 Aloysio
1651 980 1857 1024 Moreno
1890 979 2039 1024 felicis
2062 993 2128 1025 re·
2164 1013 2168 1058 ι

516 1036 664 1080 corda
704 1038 824 1087 onis,
843 1037 1115 1093 complures
1133 1039 1375 1095 requirens
1398 1039 1762 1084 emendationes
1780 1040 1944 1096 quoad
1967 1040 2129 1098 aliqua
2164 1065 2167 1094 ῃ

516 1094 689 1140 Officia
720 1108 750 1139 a
773 1095 820 1139 S.
850 1096 974 1140 Sede
1005 1097 1278 1149 reformata.
1309 1099 1688 1156 recognovimus.
1724 1099 1919 1149 Pariter,
1946 1101 2014 1143 ad
2038 1114 2129 1144 ma-

511 1156 665 1211 jorem
690 1155 1003 1199 Sacerdotum
1028 1158 1438 1209 commoditatem.
1459 1171 1572 1214 quae
1594 1157 1753 1202 officia
1769 1158 2070 1214 jamdudum
2090 1161 2130 1203 in
2168 1145 2169 1204 i

517 1213 742 1258 omnibus
768 1214 1112 1260 Breviariorum
1138 1217 1427 1262 editionibus
1459 1218 1691 1274 impressa
1722 1218 2036 1263 inveniuntur
2058 1233 2130 1264 cu·

516 1273 723 1316 ravimus
755 1277 1090 1331 expungenda,
1116 1277 1432 1334 adiungenda
1462 1285 1637 1328 autem.
1667 1285 1917 1334 tamquam
1950 1287 2132 1324 nostrae

519 1332 798 1377 Dioeceseos
829 1335 1037 1391 propria,
1063 1349 1094 1378 a
1116 1335 1308 1380 duobus
1331 1336 1558 1393 proximis
1587 1337 1775 1380 Nostris
1802 1337 2131 1384 Praedecesso-

517 1392 661 1442 ribus,
690 1405 894 1448 quorum
919 1395 1152 1439 memoria
1175 1396 1220 1438 in
1245 1396 1582 1441 benedictione
1612 1403 1698 1448 est,
1726 1396 1814 1440 rite
1837 1396 2128 1444 introducta

639 1477 700 1521 Et
725 1478 831 1522 Nos
856 1479 952 1535 Ipsi
977 1480 1186 1523 maxima
1207 1481 1349 1524 animi
1375 1480 1542 1524 laetitia
1564 1482 1835 1536 gaudentes
1858 1481 1955 1525 alte
1995 1482 2130 1527 fixam

516 1549 619 1581 esse
656 1537 703 1580 in
742 1539 940 1594 populo,
967 1539 1166 1583 Nostrae
1202 1553 1331 1584 curae
1369 1540 1641 1590 commisso.
1669 1540 1983 1585 devotionern
2027 1556 2131 1599 erga

520 1596 570 1641 B.
594 1597 662 1641 M.
683 1597 739 1642 V.
771 1597 876 1648 Dei.
899 1598 1143 1655 nostrique
1168 1599 1388 1651 Matrem,
1417 1608 1464 1644 et
1487 1611 1601 1655 erga
1623 1599 2020 1645 sacratissimum
2046 1602 2131 1647 Cor

521 1656 632 1715 lesu
654 1656 830 1701 Christi
856 1658 916 1701 D.
947 1658 1029 1709 N..
1056 1672 1085 1701 a
1109 1658 1255 1702 Sacra
1281 1659 1474 1704 Rituum
1501 1659 1894 1716 Congregatione
1914 1661 2132 1705 obtinere
2168 1679 2169 1688 ¹

515 1717 787 1760 studuimus
811 1725 910 1760 tum
933 1717 1157 1762 Officium
1182 1719 1445 1775 proprium,
1470 1719 1569 1763 sive
1595 1719 1645 1762 Β.
1668 1718 1739 1765 M.
1759 1718 1817 1763 V.
1846 1719 1993 1764 titulo
2016 1721 2132 1766 Con-

515 1776 767 1821 solationis
790 1776 975 1827 Matris,
998 1778 1098 1833 iam
1133 1778 1318 1833 pridem
1343 1778 1688 1822 Archidioecesi
1709 1778 2007 1823 Taurinensi
2034 1794 2131 1825 con·

513 1848 715 1884 cessum.
745 1849 854 1879 cum
878 1835 991 1879 illud
1017 1837 1065 1881 B.
1087 1837 1370 1894 Margaritae
1394 1837 1567 1882 Mariae
1587 1837 1843 1894 Alacoque,
1862 1839 2133 1894 devotionis

516 1910 629 1953 erga
652 1895 721 1940 SS
760 1895 857 1939 Cor
878 1895 989 1951 Jesu
1021 1896 1164 1941 almae
1197 1897 1556 1955 propagatricis.
1589 1897 1726 1949 Item,
1755 1911 1924 1954 quum,
1957 1900 2064 1944 sive
2093 1900 2131 1944 in
2170 1916 2171 1935 π

517 1955 737 2005 Civitate,
753 1955 849 1998 sive
867 1955 914 1997 in
935 1956 1144 2001 Dioecesi
1164 1957 1330 2003 multae
1343 1959 1435 2002 sint
1456 1957 1686 2002 Ecclesiae
1703 1958 1901 2002 Sanctae
1922 1959 1978 2002 M
1987 1961 2133 2005 arthae

516 2015 697 2070 Virgini
729 2015 914 2063 dicatae.
945 2016 1064 2060 votis
1087 2017 1404 2073 complurium
1430 2017 1718 2062 Curatorum
1745 2017 2032 2063 animarum
2063 2032 2132 2063 an·

521 2081 737 2123 nuentes.
783 2074 1082 2119 obtinuimus
1120 2085 1173 2121 ut
1212 2076 1384 2121 festum
1420 2077 1563 2123 huius
1601 2077 1796 2120 Sanctae
1821 2076 2047 2134 Virginis
2083 2080 2133 2123 ad

516 2133 657 2177 ritum
682 2133 921 2188 duplicem
945 2135 1229 2180 eveheretur.

637 2204 824 2258 Quibus
845 2206 931 2249 rite
953 2208 1199 2258 ordinatis,
1224 2208 1510 2251 mandamus
1532 2208 1830 2252 Kalendaria
1853 2222 2042 2261 annua,
2061 2224 2134 2254 seu

516 2264 774 2308 directoria
796 2265 1060 2309 divinarum
1087 2280 1281 2323 precum
1305 2268 1530 2323 deinceps
1553 2269 1615 2311 ad
1641 2268 1856 2312 tramites
1876 2269 2031 2325 hujus
2048 2271 2119 2314 edi

517 2324 662 2367 tionis
686 2326 884 2368 omnino
901 2326 1068 2369 confici
1094 2341 1103 2369 ι
1124 2327 1351 2370 universis
1371 2341 1480 2370 vero
1502 2334 1548 2370 et
1570 2328 1772 2383 singulis
1796 2335 1895 2371 tam
1911 2329 2136 2373 Civitatis

515 2396 661 2439 quam
689 2384 922 2428 Dioecesis
949 2387 1291 2429 Ecclesiasticis
1315 2387 1433 2437 viris,
1457 2394 1503 2431 et
1529 2388 1782 2436 Sacramm
1805 2387 2015 2431 laudum
2041 2389 2136 2443 lege

514 2443 761 2493 devinctis,
790 2444 836 2487 id
870 2459 1061 2501 quoque
1094 2445 1141 2488 in
1177 2446 1346 2490 virtute
1379 2458 1562 2490 sanctae
1584 2446 1881 2491 obedientiae
1914 2449 2138 2505 praecipi-

517 2516 637 2553 mus,
659 2514 709 2546 ut
734 2503 838 2546 haec
856 2505 1016 2547 divina
1035 2504 1211 2548 Officia?
1227 2507 1304 2560 pie
1326 2506 1600 2562 suscipiant,
1625 2506 1867 2562 istumque
1890 2508 1986 2550 sibi
2012 2521 2137 2552 com·

515 2571 741 2619 parantes
776 2563 984 2607 libellum
1019 2578 1075 2607 ea
1108 2565 1448 2615 continentem,
1478 2566 1666 2621 publice
1689 2579 1745 2609 ac
1768 2566 1997 2622 privatim
2028 2568 2134 2611 reci—

516 2629 630 2665 tent.
663 2621 763 2666 Vos
792 2625 984 2667 tandem
1020 2636 1261 2680 rogamus,
1290 2625 1533 2683 Carissimi
1558 2634 1605 2669 et
1628 2625 1942 2669 obsecramus
1966 2627 2019 2669 in
2045 2627 2137 2671 Do-

516 2681 647 2724 mino
661 2682 791 2739 jesu.
813 2690 862 2725 ut
881 2697 1082 2737 quorum
1101 2684 1268 2727 laudes
1286 2684 1565 2740 persolvitis.
1586 2692 1633 2728 et
1649 2685 1950 2740 praeconium
1969 2686 2139 2733 facitis,
2176 2714 2179 2727 .

517 2740 711 2784 virtutes
734 2755 927 2798 quoque
943 2743 1250 2793 aemulemini,
1271 2744 1487 2799 exempla
1506 2744 1786 2800 sequamini,
1808 2747 2136 2789 constantiam
2176 2740 2177 2749 ¹

513 2807 562 2843 et
585 2802 730 2844 robur
755 2802 1034 2851 induamini:
1052 2803 1117 2845 ita
1142 2804 1340 2852 eveniet.
1363 2812 1412 2847 ut
1429 2804 1777 2860 divinajugiter
1790 2803 1952 2848 officia
1972 2805 2135 2863 digne.

512 2866 697 2903 attente
719 2873 775 2903 ac
799 2862 970 2904 devote
994 2862 1262 2913 recitantes,
1291 2876 1492 2919 quorum
1516 2862 1779 2918 gloriamur
1801 2865 2068 2919 triumphis
2090 2877 2141 2908 ac
2208 2884 2209 2907 l

515 2920 753 2975 prae'sidiis
777 2919 986 2970 fruimur,
1015 2923 1307 2965 consortium
1333 2930 1379 2965 et
1403 2922 1578 2965 habere
1602 2924 1844 2978 possimus
1866 2923 1913 2966 in
1939 2925 2099 2968 coelis.
2176 2910 2181 2971 ἶ
2208 2964 2209 2975 ,

636 3004 905 3058 Eporediae.
935 3018 961 3047 e
999 3006 1178 3061 palatio
1214 3006 1394 3051 Nostro
1430 3006 1718 3063 Episcopali‚
1750 3007 1907 3052 Nonis
1940 3008 2141 3055 Martiis
2208 2996 2209 3037 ¹

512 3076 543 3107 a
566 3062 747 3107 Sancto
771 3063 962 3107 Thoma
985 3066 1226 3121 Aquinate
1249 3066 1553 3110 solemnibus.
2180 3088 2183 3111 s

1310 3151 1669 3228 matthaei&
1701 3168 2010 3215 Episcopus,
