2250 3810
83 290 415 300 Ἣ

75 299 82 360 1

1680 370 1747 425 75

536 370 643 410 om
672 371 701 421 7
728 369 876 411 Auo.
913 387 974 394 -
1005 370 1048 412 s,
1078 369 1337 412 DONATr.

115 486 804 556 pecuniaeindicium,aut
821 502 936 578 ar·¹
967 487 1227 541 maximo
1289 485 1742 541 confirmaretur.

111 559 447 627 gumentum
460 555 908 624 ullumexstaret‚
932 583 937 637 Ι
964 558 1144 613 Auxit
1156 565 1275 612 tum
1293 556 1748 612 Donatusincre-

114 630 166 681 in
187 646 475 683 summum
494 627 701 697 capitis
717 628 907 682 acfor·
931 643 936 700 ὲ
962 629 1133 696 dibile
1186 629 1323 683 illud
1366 628 1637 696 studium,
1691 636 1748 681 et

112 700 400 755 tunarum
445 700 750 755 discrimen
781 716 816 753 a
846 698 907 752 fi·
932 707 936 748 r
961 701 1229 755 arderem
1270 699 1481 754 amoris
1524 699 1580 753 in
1626 700 1748 753 uni-

120 771 200 825 sci
224 770 700 841 procuratoribus
728 770 905 825 addu-
931 753 935 808 '¹
962 772 1187 826 versum
1202 788 1460 842 gregem,
1482 770 1641 839 cujus
1659 787 1747 825 sa-

110 842 373 897 cebatur.
413 841 678 897 Donatus
706 839 908 895 Eusta-
959 842 1062 898 luti
1090 843 1212 897 dies
1236 842 1542 911 noctesque
1563 841 1645 895 ita
1665 841 1747 895 in-

106 914 172 967 sii
221 914 492 968 misertus
535 920 621 966 est
673 932 685 965 :
728 927 906 981 quare
962 914 1262 984 vigilabat,
1290 923 1351 968 ut
1378 929 1448 966 ne
1468 912 1749 981 tantisper

65 1005 70 1046 ‚r
110 993 242 1052 post
271 1000 476 1054 preces
502 984 577 1038 ad
609 984 792 1058 Deum
820 983 906 1037 fu·
930 1005 933 1044 ς
958 984 1191 1055 quidem
1211 984 1313 1039 sibi
1341 983 1743 1053 quiescendum

63 1069 66 1104 ε
103 1071 217 1120 saS‚
252 1055 457 1110 divino
487 1055 755 1108 instinctu
785 1054 907 1123 per-
930 1051 934 1109 ἶ
959 1056 1349 1111 arbitraretur.
1421 1053 1744 1108 Memoratu

57 1107 66 1356 J
103 1128 273 1191 cituS,
306 1134 368 1181 et
397 1126 647 1180 coelestis
673 1126 799 1194 opis
825 1124 905 1178 ni-
930 1119 933 1138 '
959 1128 1094 1182 illud
1114 1128 1169 1181 in
1189 1126 1382 1195 primis
1402 1125 1643 1196 dignum
1663 1125 1741 1179 vi-

104 1215 212 1251 xus
239 1197 459 1252 fiducia
488 1198 562 1251 ad
582 1196 902 1265 sepulcrum
957 1198 1141 1260 detur,
1164 1198 1318 1267 quod
1337 1213 1464 1251 cum
1485 1196 1747 1251 Donatus

107 1270 150 1322 E
158 1268 446 1323 ufrosinae
505 1268 748 1331 accedit,
809 1267 902 1320 de-

102 1339 380 1394 functam
411 1339 752 1408 interrogat,
785 1337 903 1392 ubi-
928 1305 933 1370 ι

962 1269 1261 1324 Missurum
1281 1268 1558 1322 solemnia
1581 1266 1744 1337 pera-

956 1340 1494 1411 geret,calicemque
1506 1339 1744 1394 vitreum

104 1428 244 1465 nam
282 1409 571 1481 pecunia?
598 1408 906 1479 respondet
929 1425 932 1438 *
959 1413 1227 1466 Antimus
1277 1409 1572 1465 Diaconus
1635 1425 1740 1480 pro

101 1483 201 1537 illa
224 1483 336 1537 sub
355 1481 482 1551 ipso
504 1481 690 1550 primo
709 1479 903 1534 limine

100 1554 334 1608 domus,
386 1552 780 1622 Quamobrem
821 1566 905 1604 re-

100 1624 274 1694 perta
314 1623 583 1694 pecunia,
618 1622 783 1693 gravi
820 1629 905 1676 at-

96 1712 216 1765 que
271 1695 602 1749 imminenti
653 1693 906 1763 periculo

101 1765 443 1821 Eustasium
473 1765 698 1826 liberat,
724 1764 905 1818 omni-

98 1840 210 1893 bus
245 1836 546 1891 Donatum
574 1835 903 1890 divinurum

956 1500 1059 1537 suo
1088 1482 1322 1537 munere
1360 1481 1632 1551 gestaret,
1664 1481 1746 1534 in-

958 1554 1210 1609 fidelium
1239 1552 1533 1606 hominum
1578 1552 1744 1606 turba

958 1626 1176 1679 irruens
1192 1622 1623 1691 calicemipsum
1645 1639 1748 1691 per

956 1711 1264 1760 summam*
1306 1695 1422 1748 vim
1486 1709 1516 1747 e
1570 1709 1745 1747 manu

959 1766 1206 1822 Diaconi
1234 1765 1522 1819 extortum
1552 1765 1606 1817 in
1636 1772 1746 1818 ter-

956 1854 1081 1893 ram
1119 1836 1350 1907 dejecit;
1379 1852 1494 1905 quo
1542 1836 1597 1889 in
1645 1836 1745 1889 mi-

96 1911 354 1980 operum
392 1907 725 1962 effectorem
754 1923 903 1960 sum·
959 1910 1255 1964 nutissima
1277 1908 1608 1980 fragmenta
1636 1909 1744 1964 dis-

97 1979 904 2048 macumadmirationeprae-
951 1982 1125 2051 jecto,
1170 1980 1473 2034 subsistere
1514 1979 1569 2033 in
1611 1980 1744 2034 Mis-

93 2052 457 2107 dicentibus

133 2124 227 2177 R.
281 2121 640 2176 Desiderium
691 2119 905 2174 animae

93 2197 232 2264 ejus
258 2192 510 2247 tribuisti
549 2192 599 2245 ei
631 2190 897 2255 Domine,

93 2270 129 2301 ⁴¹·
159 2268 243 2321 Et
280 2262 584 2319 voluntate
621 2262 902 2317 labiorum

43 2388 46 2397 ,
93 2338 233 2406 ejus
270 2352 384 2389 non
425 2332 709 2388 fraudasti
746 2349 901 2386 eum.

43 2406 48 2443 ²
95 2409 176 2463 w.
232 2406 528 2477 Quoniam
571 2403 902 2473 praevenisti

43 2490 46 2511 ²
93 2494 240 2534 eum
295 2478 354 2531 in
403 2475 903 2531 benedictionibus

43 2516 48 2615 i
94 2548 431 2605 dulcedinis
457 2546 717 2617 ;posuisti
736 2547 791 2599 in
810 2545 904 2600 ca-

41 2620 48 2687 ,“
95 2622 229 2691 pite
255 2619 379 2689 ejus
406 2618 683 2672 coronam
720 2618 793 2672 de
821 2615 903 2672 la·

94 2692 244 2761 pide
270 2689 543 2761 pretioso
579 2721 645 2728 —-
676 2689 763 2743 Et.

45 2806 48 2833 1
352 2759 566 2820 Uettio
589 2767 667 2817 ni.

43 2836 48 2865 ¹‘
126 2837 136 2874 ’ἵ
154 2849 267 2864 Γ
326 2833 439 2886 UO
465 2831 642 2886 etiam
682 2832 901 2886 factum

106 2856 298 2993 (Μ),
348 2910 455 2967 est,
504 2909 567 2955 ut
612 2903 668 2956 in
701 2901 902 2957 defun·

49 2994 52 3019 ι
103 2973 299 3016 -ΦἉ
348 2974 457 3028 ctis
485 2973 677 3044 Satyri
714 2975 902 3029 locum

98 3046 183 3098 ab
209 3041 487 3099 universo
514 3044 697 3109 clero,
723 3062 904 3115 popu-

97 3115 278 3184 loque
309 3114 556 3169 Aretino
578 3114 788 3170 invitus
808 3117 905 3171 de-

47 3206 54 3251 ;
99 3187 138 3239 li
143 3185 390 3255 geretur
402 3185 713 3255 Episcopus
729 3196 903 3258 atque

47 3254 56 3369 Ιι
96 3274 139 3310 a
180 3256 346 3326 Julio
402 3255 586 3325 primo
633 3259 904 3314 Pontifice

956 2069 1036 2108 sae
1056 2051 1340 2107 sacrificio
1369 2050 1632 2106 Donatus
1651 2067 1744 2106 co-

957 2123 1219 2194 gebatur,
1242 2122 1346 2176 nisi
1363 2122 1562 2177 divina
1581 2122 1745 2176 afful-

957 2195 1118 2248 sisset
1162 2193 1387 2264 gratia,
1423 2209 1526 2262 per
1568 2208 1742 2261 quam

956 2267 1077 2320 solo
1130 2265 1311 2320 crucis
1354 2265 1529 2319 ductu
1590 2263 1745 2334 frag-

955 2337 1154 2391 menta
1181 2337 1238 2390 in
1268 2336 1518 2405 priorem
1547 2334 1745 2389 calicis

956 2407 1206 2462 formam
1284 2405 1737 2477 coagmentavit.

958 2481 1104 2534 Haec
1131 2486 1189 2533 et
1219 2476 1332 2532 alia
1360 2479 1526 2548 hujus
1570 2478 1744 2547 gene-

955 2550 1030 2604 ris
1055 2548 1401 2619 quamplura
1444 2565 1574 2603 cum
1602 2548 1745 2617 peri-

957 2622 1128 2690 nique
1175 2622 1349 2675 ferret
1400 2619 1747 2690 Quadratia-

959 2709 1064 2747 nus
1137 2691 1351 2762 Juliani
1414 2691 1739 2762 praefectuS‚

960 2762 1275 2829 Donatum,
1331 2771 1390 2818 et
1439 2762 1574 2818 fidei
1614 2779 1745 2817 con-

955 2836 1190 2900 sortem,
1237 2835 1615 2904 laborumque
1654 2834 1745 2888 so·

956 2907 1107 2960 cium
1157 2906 1520 2961 Hilarianum
1567 2905 1743 2959 advo-

957 2985 1070 3042 cat,
1095 2978 1251 3032 idola
1277 2977 1542 3032 venerari
1563 2977 1744 3047 jubet,

957 3049 1033 3103 ini
1061 3047 1394 3103 constantes
1440 3055 1660 3118 negant
1685 3064 1744 3101 se

957 3127 1185 3174 tantum
1247 3121 1427 3174 scelus
1489 3134 1743 3187 unquam

958 3191 1322 3246 admissuros,
1412 3191 1606 3258 Quare
1684 3188 1740 3242 in

957 3262 1136 3317 oculis
1171 3260 1554 3331 Quadratiani
1583 3259 1746 3314 Hila-
