2250 3810
431 361 542 401 Dm:
572 363 639 414 29
665 361 849 411 JULn.
884 379 952 386 —
980 361 1026 402 s,
1060 361 1305 403 URBANl
1336 361 1398 400 11.

149 466 219 519 ob
267 468 530 537 egregias
574 469 813 524 virtutes
863 470 918 523 in

146 539 379 592 ecclesia
422 540 705 594 rhemensi
751 556 920 594 cano-

147 607 332 662 nicatu
408 610 623 679 potitus
685 618 784 665 est.
843 614 921 666 At

141 679 332 733 saeculi
353 696 518 735 curas
536 689 829 751 pertaesuS,
853 698 920 736 ac

143 750 399 819 regulam
419 753 602 806 sancti
627 753 921 807 Benedicti

141 821 442 889 professum,
465 823 709 892 primum
729 824 783 877 in
807 825 920 878 clu-

86 927 92 986 1
139 891 409 958 niacensi,
441 894 570 947 dein
601 894 655 948 in
696 894 919 948 bainso-

138 962 293 1016 nensi
323 971 379 1018 et
397 965 627 1018 cavensi
649 965 921 1020 caenobiis

137 1034 554 1104 religiosissime
617 1035 919 1090 conversa-

135 1113 222 1159 tus
263 1113 369 1160 est.
414 1106 675 1176 Vestigia
717 1106 917 1175 sequu-

132 1183 221 1229 tus
245 1177 435 1231 sancti
463 1177 722 1247 Gregorii
749 1178 919 1247 septi-

130 1246 225 1312 mi,
251 1248 358 1301 viri
387 1247 559 1317 opere
586 1257 643 1302 et
658 1249 918 1303 sermone

127 1318 405 1387 potentis,
437 1336 475 1373 a
508 1336 623 1388 quo
654 1319 709 1373 in
740 1319 919 1389 majo·

75 1413 81 1460 f
129 1389 283 1443 ribus
349 1389 609 1444 ecclesiae
671 1391 917 1460 negotiis

72 1469 79 1514 f
124 1460 424 1515 adhibitus
482 1461 689 1526 fuerat,
744 1469 917 1531 atque

70 1533 75 1608 J
122 1531 435 1601 episcopus
516 1532 775 1586 ostiensis
862 1540 918 1586 et

121 1610 350 1657 sanctae
378 1602 640 1658 romanae
659 1603 916 1657 ecclesiae

116 1673 443 1728 cardinalis
494 1672 736 1738 creatuS,
793 1674 915 1743 pari

63 1761 67 1830 Ῑ
116 1744 302 1798 animi
333 1743 661 1800 constantia
701 1761 769 1799 ac
806 1746 913 1799 for-

62 1839 67 1878 i
116 1815 375 1870 titudine
445 1815 576 1884 jura
658 1816 915 1876 ecclesiae

58 1887 63 1939 Ι
111 1885 553 1943 contralaicam
572 1886 915 1958 potestatem

111 1958 466 2013 vindicavit.

146 2028 230 2085 R.
293 2029 505 2083 Inveni
570 2030 760 2084 David
804 2045 917 2083 ser-

52 2136 55 2163 2
108 2119 252 2156 vum
301 2116 518 2165 meum,
558 2100 685 2154 oleo
715 2109 916 2155 sancto

106 2189 247 2227 meo
279 2171 426 2226 unxi
450 2187 581 2224 eum
612 2192 624 2225 ε
652 2177 682 2204 ¹*
711 2174 917 2225 Manus

100 2244 267 2298 enim
294 2258 434 2296 mea
453 2242 820 2296 auxiliabitur
845 2243 912 2296 ei.

94 2457 246 2512 tatis
300 2469 426 2509 non
471 2455 698 2509 nocebit
737 2456 807 2509 ei.
852 2487 915 2495 -—-

97 2530 354 2583 Manus,

381 2593 584 2655 Uettio
610 2605 665 2653 n.

99 2315 181 2371 Ἃ).
222 2314 393 2368 Nihil
431 2313 695 2380 proficiet
734 2313 912 2367 inimi·
939 2290 944 2355 f
969 2311 1465 2366 claromontanum

100 2402 208 2440 cus
238 2386 301 2438 in
335 2400 431 2446 e0,
455 2392 511 2437 et
531 2384 683 2438 filius
715 2372 944 2477 iniqui-¹

1693 361 1760 416 27

974 470 1292 538 ecclesiam,
1342 476 1398 523 et
1442 470 1624 524 sancti
1667 470 1760 523 Ni-

974 539 1122 594 colai
1168 540 1421 594 barensis
1463 539 1754 595 basilicam

974 611 1351 675 consecravit,
1401 610 1591 680 ibique
1635 627 1754 665 cor-

976 699 1079 751 pus
1114 680 1366 752 ejosdem
1400 681 1757 736 thaumatur-

972 754 1031 822 gi
1076 769 1293 823 magna
1330 769 1459 807 cum
1494 753 1757 806 solemni-

972 822 1093 878 tate
1132 824 1401 893 reposuit.
1445 824 1508 876 In
1550 823 1754 878 eadem

971 895 1198 949 barensi
1248 894 1482 948 basilica
1533 894 1756 964 insigne

971 965 1273 1019 concilium
1292 964 1580 1028 habuit‚ut
1598 967 1757 1020 Grae-

971 1036 1167 1090 corum
1196 1036 1414 1089 errores
1430 1035 1757 1090 confutaret

971 1106 1314 1161 doctissimis
1437 1106 1752 1176 praesertim

972 1194 1104 1232 usus
1139 1177 1511 1248 argumentis,
1551 1177 1755 1247 quibus

970 1257 1200 1303 sanctus
1233 1249 1536 1304 Anselmus
1571 1249 1754 1302 archi·

971 1320 1270 1389 episcopus
1344 1319 1753 1374 cantuariensis

969 1392 1140 1445 fidem
1204 1390 1551 1445 catholicam
1605 1391 1752 1445 asse-

971 1463 1098 1516 ruit.
1128 1462 1439 1516 Placentiae
1458 1477 1636 1531 prope
1662 1478 1753 1516 ec-

969 1533 1200 1587 clesiam
1219 1540 1437 1587 sanctae
1455 1532 1659 1586 Mariae
1680 1533 1751 1586 de

968 1602 1309 1671 campanea,
1361 1603 1455 1656 ubi
1505 1602 1751 1672 primum

968 1674 1371 1744 praefationem
1411 1671 1601 1728 beatae
1634 1674 1752 1728 Ma-

969 1745 1070 1800 riae
1096 1744 1353 1813 virginiS,
1384 1745 1441 1798 in
1469 1744 1638 1798 missa
1664 1760 1752 1799 so-

967 1816 1141 1870 le'mni
1186 1815 1522 1870 decantasse
1570 1816 1750 1884 perhi-

968 1887 1149 1951 betur,
1196 1894 1253 1941 et
1304 1885 1427 1941 aliis
1471 1886 1752 1956 praeterea

968 1959 1203 2013 dive'rsis
1229 1959 1282 2012 in
1311 1958 1449 2012 locis
1468 1958 1752 2012 convoca-

967 2030 1038 2083 tis
1055 2028 1326 2093 conciliiS,
1350 2027 1750 2084 ecclesiasticae

967 2100 1283 2170 disciplinae
1323 2099 1752 2154 observantiam

968 2171 1194 2225 strenue
1222 2171 1459 2226 curavit.
1491 2172 1603 2225 Sed
1632 2171 1752 2225 om-

970 2242 1122 2296 nium
1170 2243 1598 2296 celeberrimum
1645 2241 1753 2296 fuit

1566 2312 1753 2366 conci·-

969 2383 1125 2446 lium,
1158 2383 1212 2436 in
1253 2399 1367 2451 quo
1406 2381 1628 2436 illarum
1666 2400 1754 2436 sa-

969 2453 1195 2508 crarum
1224 2452 1652 2521 expeditionum
1675 2453 1754 2507 fe·

969 2523 1236 2579 licissimo
1268 2524 1523 2580 successu
1554 2532 1755 2579 auctor

970 2595 1206 2659 exstitit,
1236 2610 1369 2663 quae
1406 2611 1476 2649 ex
1503 2594 1755 2651 salutife-

214 2672 484 2724 Ummus
531 2668 788 2736 pontifex
833 2683 916 2722 re-
941 2652 944 2725 3
972 2683 1051 2721 1·ae
1087 2667 1283 2722 Crucis
1316 2666 1527 2721 Christi
1561 2666 1748 2736 signo,

238 2737 577 2799 nuntiatuS‚

693 2737 915 2793 Cassini
941 2728 945 2813 Ι
969 2753 1084 2818 quo
1130 2736 1569 2800 decorabantur,
1615 2738 1753 2792 Cru-

84 2820 386 2871 montem
409 2809 619 2871 invisit,
634 2826 826 2863 sacras
842 2810 914 2863 ibi
940 2818 945 2901 l
971 2807 1253 2862 elatarum
1277 2808 1506 2862 nomine
1527 2808 1754 2862 fuerunt

81 2881 445 2943 beatissimi
474 2880 650 2949 patris
677 2880 917 2934 Benedi-
970 2878 1301 2949 appellatae.
1344 2879 1429 2932 Ac
1468 2894 1606 2932 sane
1654 2881 1754 2932 mi-

82 2958 167 3013 cti
216 2952 486 3009 exuvias
520 2950 913 3015 veneraturuS‚

75 3028 359 3101 ejusque
396 3039 429 3076 a
469 3021 674 3091 lapidis
700 3023 916 3090 morbo,

74 3116 211 3171 quo
245 3097 364 3152 diu
412 3092 794 3157 laboraverat,
837 3092 917 3147 in-

71 3169 253 3244 SIgni
337 3163 612 3235 prodigio
683 3162 919 3218 sanatus

71 3245 224 3300 fuit.
256 3234 563 3295 Cavensis
585 3235 914 3289 monasterii

971 2966 1094 3003 rum
1136 2958 1221 3004 est
1256 2948 1583 3018 pontificem
1615 2947 1753 3016 pau·

971 3036 1183 3090 perem,
1212 3020 1291 3074 uti
1332 3028 1457 3074 erat
1483 3026 1617 3073 tunc
1647 3019 1753 3073 Ur-

969 3090 1169 3154 banuS,
1249 3092 1464 3160 absque
1552 3106 1751 3158 regum

971 3178 1098 3230 ope,
1145 3163 1264 3216 sine
1304 3164 1417 3217 ulla
1450 3160 1751 3217 exactione

973 3240 1074 3288 aut
1115 3232 1345 3300 tribum,
1387 3241 1507 3288 tam
1552 3232 1751 3301 ingen·
