2250 3810
869 380 981 419 nna:
1006 369 1040 421 6
1067 381 1208 421 APR.
1241 399 1307 407 —
1337 383 1384 424 s.
1418 383 1601 423 xvs'n
1631 386 1670 424 1.

462 485 617 539 enim
678 486 755 539 illi
819 487 992 540 robur
1041 489 1246 541 conce'-

461 557 614 621 dam,
641 564 701 610 ut
727 556 1003 627 contiuuo
1030 557 1246 612 incum-

461 628 562 681 bat
601 626 768 696 cepiti
810 634 931 693 tuo;
970 635 1026 682 te
1050 637 1242 683 autem

461 697 674 751 fitciam
713 699 817 752 sub
851 699 1088 768 pedibus
1124 700 1246 769 ejus

454 769 666 838 jacere.
701 769 848 824 Vide
877 770 985 836 hic,
1012 771 1238 835 dile'cte,

461 856 561 909 per
599 855 834 909 poenam
874 841 1004 895 huic
1041 841 1241 897 bestiae

460 909 821 980 deputatam,
839 920 1118 980 quantam
1147 914 1241 966 hu-

462 981 619 1037 mz'mi
646 983 874 1052 generis
902 999 1098 1038 curam
1141 1000 1238 1038 no-

456 1053 542 1108 bis
592 1053 975 1119 demdnstret;
1022 1062 1079 1109 et
1130 1057 1239 1109 hoc

457 1124 690 1193 quidem·
735 1125 805 1179 de
872 1125 1075 1179 visibili
1127 1143 1239 1180 ser-

457 1196 629 1264 pente
667 1215 679 1248 :
712 1196 849 1250 licet‘
895 1205 1087 1250 autem
1139 1214 1238 1251 vo-

454 1265 592 1319 lenti
640 1265 842 1335 pbstea
886 1267 1237 1323 considerari

454 1336 789 1405 scriptdrum
820 1337 1020 1391 seriem
1051 1346 1108 1393 et
1146 1356 1238 1393 co·

453 1407 749 1476 gnescere‚
784 1409 829 1462 si
874 1410 945 1463 de
986 1409 1236 1465 sensibili

384 1534 388 1538 ,
437 1479 716 1546 „serpente
743 1480 868 1534 haec
896 1481 1050 1534 dicta
1084 1490 1233 1547 sunt,

361 1591 367 1596 .
457 1550 641 1604 multo
686 1551 871 1620 magis
897 1552 1238 1621 accipienda

454 1636 575 1674 esse
655 1622 726 1676 de
783 1621 1062 1691 spirituali
1124 1639 1238 1678 ser-

453 1691 640 1760 pente.
697 1694 923 1746 Etenim
975 1701 1033 1748 et
1076 1694 1234 1748 illum

452 1763 693 1831 pedibus
743 1765 948 1818 nostris
997 1765 1237 1834 subjecit

451 1833 833 1899 humiliatum,
878 1843 936 1889 et
985 1836 1042 1891 id
1088 1852 1236 1905 prae-

450 1904 614 1969 stitit,
642 1914 709 1961 *ut
751 1923 854 1960 nos
896 1908 1017 1977 ejus
1059 1907 1233 1976 capiti

449 1976 865 2031 incumbemus
943 1980 1033 2033 An
1116 1996 1230 2033 non

449 2048 557 2101 hoc
608 2048 915 2117 significat,
972 2050 1168 2104 dicens
1222 2072 1233 2105 z

447 2117 686 2173 Calcdte
732 2135 903 2189 super
941 2122 1233 2190 serpentes

447 2196 504 2242 et
530 2190 886 2259 scorpidnes?
912 2192 1132 2246 Deinde
1162 2210 1231 2247 ne

446 2259 711 2328 putemus
753 2263 823 2316 de
869 2264 1232 2318 sensibilibus

446 2330 581 2384 feris
607 2348 728 2386 esse
755 2334 990 2399 dictum,
1017 2335 1221 2389 subdit.

445 2402 518 2456 Et
562 2419 733 2472 super
776 2421 1006 2459 omnem
1053 2406 1229 2460 virtu-

442 2479 559 2527 tem
587 2474 814 2529 inimici.

475 2547 547 2597 In
569 2547 781 2613 Quadr.
810 2549 991 2601 LeHio
1007 2550 1086 2602 ix.
1106 2550 1228 2602 Ho—

440 2618 616 2669 miliae
630 2625 685 2670 et
703 2620 749 2671 C
745 2636 995 2672 ommem.
1023 2622 1076 2671 F
1072 2623 1218 2673 erioe.

476 2783 608 2836 DIE
651 2784 843 2838 XXX.
881 2786 1183 2841 MARTII.

486 2852 590 2921 (D.
624 2874 673 2908 a.
704 2874 775 2908 ex
794 2860 1003 2927 xxviij.
1038 2858 1188 2928 lzuj.)

623 2931 693 2987 S.
730 2933 1051 2990 «Ioannis

560 3026 597 3065 a
637 3010 1101 3082 Capistrano

547 3086 704 3159 Cons.
740 3091 1121 3159 Semt'duplex.

475 3181 533 3234 U
531 3188 555 3233 t
595 3184 657 3235 in
687 3184 856 3236 Brev.
885 3184 976 3236 die
1000 3188 1216 3254 xxviij.

431 3252 622 3316 hujus.
1086 3281 1089 3283 ’

1374 506 1504 560 DIE
1545 508 1644 562 VI.
1678 508 2013 565 APRILIS.

1486 579 1555 641 S.
1590 583 1808 654 xysti
1852 587 1879 640 1
1895 625 1909 640 .

1355 662 1532 729 Papce
1557 661 1738 714 Mart.
1767 662 2024 730 Duplex.

1336 745 1553 798 Oratio.
1588 743 2009 799 Infirmitatem.

1329 813 1408 868 In
1432 817 1487 884 j.
1524 813 1729 883 ,Noc‘l.,
1769 814 2087 872 LeHioneS.

1298 886 1346 937 A
1389 886 1608 940 Mileto.
1657 889 1725 939 de
1753 889 2082 943 Communi.

1293 959 1433 1010 Post
1449 958 1671 1011 Pascha
1690 960 1756 1011 de
1773 962 2092 1028 Scriptura

1291 1036 1628 1082 occurrente.

1427 1110 1492 1161 In
1523 1110 1597 1161 11.
1632 1110 1940 1162 Nocturno.

1560 1186 1731 1242 iettin
1762 1191 1839 1242 in.

1568 1257 1740 1309 Ystus
1774 1257 1942 1326 hujus
1986 1259 2090 1312 nd-

1593 1326 1758 1380 minis
1841 1329 2084 1397 primuS,

1591 1397 1891 1452 Rome'mus
1984 1418 2089 1456 na-

1587 1469 1761 1533 tic'me,
1795 1470 1866 1523 de
1895 1472 2088 1541 regid-

1292 1559 1362 1590 ne
1419 1556 1584 1594 urms
1637 1540 1902 1609 septima,
1945 1559 2086 1612 quae

1292 1608 1404 1662 Via
1430 1610 1549 1665 lata
1576 1611 1731 1666 dicta
1769 1620 1875 1676 est,
1909 1621 2082 1682 patre

1292 1680 1526 1735 Pastdre
1544 1683 1790 1752 genituS,
1807 1684 1863 1737 in
1884 1684 2083 1740 locum

1289 1750 1605 1806 Alexe'mdri
1628 1753 1792 1823 primi
1824 1755 2083 1812 Romani

1292 1822 1581 1877 Pontificis
1723 1825 2083 1883 nobilissimo

1290 1895 1567 1966 martyrio
1593 1896 1873 1961 coronati,
1900 1899 2083 1955 totius

1287 1965 1419 2019 cleri
1460 1966 1747 2037 suffragiis
1776 1969 2077 2037 suffectus,

1286 2037 1555 2105 supremo
1644 2039 1740 2092 illo
1839 2040 2082 2098 munere

1285 2108 1539 2178 egregie,
1584 2118 1639 2163 et
1676 2126 1903 2166 summa
1945 2130 2083 2169 cum

1285 2181 1455 2234 laude
1468 2180 2086 2249 perfunctusestannis

1284 2265 1512 2315 novem,
1540 2251 1826 2306 mensibus
1847 2255 2080 2324 decem,

1283 2321 1480 2376 diebus
1511 2330 1660 2390 oct0‚
1687 2324 1792 2377 sub
1826 2324 2083 2396 impera-

1282 2392 1500 2447 tdribus
1520 2393 1780 2448 Adriimo
1801 2404 1860 2449 et
1889 2399 2083 2459 Anto?

1283 2463 1418 2517 nino
1448 2464 1546 2518 Pio
1574 2464 1866 2536 Augustis

1317 2533 1399 2589 R.
1437 2536 1780 2593 Honestum.

1552 2621 1734 2677 [lectio
1761 2632 1818 2677 n.

1552 2690 1748 2745 nnulla
1791 2693 1868 2747 ad
1906 2694 2078 2751 disci-

1552 2762 1735 2816 linam
1799 2766 2075 2821 ecclesial-

1552 2833 1716 2887 ticam
1779 2837 2077 2904 pertinen-

1278 2911 1358 2955 tia
1386 2904 1824 2970 prudentissime
1844 2908 2071 2973 statuit,

1277 2972 1507 3036 scilicet,
1533 2991 1603 3028 ne
1629 2992 1794 3030 sacra
1815 2995 1982 3044 vasa,
1998 2992 2078 3040 et

1278 3044 1589 3101 ministeria
1643 3048 1718 3101 ab
1768 3048 1913 3112 filiis,
1969 3054 2073 3119 qui

1276 3115 1421 3169 sacri
1452 3116 1688 3171 ministri
1714 3134 1828 3173 non
1850 3130 2069 3189 essent,

1277 3189 1777 3244 contrectarentur
1811 3211 1823 3245 ε
1864 3208 1934 3245 ne
1979 3210 2073 3248 sa-

1276 3272 1434 3311 crum
1481 3260 1800 3329 corporale,
1851 3272 1911 3317 ut
1967 3283 2076 3319 vo-
