2250 3810
55 295 58 386 l

55 757 60 800 l

55 805 60 930 ἕ

55 955 60 1046 ἓ

55 1052 60 1242 ἶ

55 1261 59 1312 Ι

55 1367 60 1410 l

1767 286 1775 354 i

339 350 445 390 DIE
473 352 540 407 23
566 351 761 401 JUNII.
794 368 864 375 —
895 352 943 391 B.
981 350 1258 389 PfflLtPPI
1287 349 1532 391 SUZANI.
1711 352 1740 403 7

123 466 295 522 tatem
348 470 645 523 aeternam.
692 468 762 522 X).
804 469 903 538 Ju-
958 468 1131 532 θεας,
1165 467 1450 522 miraculis
1487 468 1619 537 ipsis
1644 470 1745 523 ali-

121 545 264 592 stum
329 539 567 594 dediixit
623 539 902 593 Deminus
954 539 1190 607 quando
1235 538 1591 608 patefactum
1636 547 1738 594 est.

123 623 219 678 per
244 610 367 664 vias
393 618 598 674 rectaS,
631 618 688 664 et
715 610 903 664 osten·
954 610 1066 664 Sed
1093 617 1151 664 et
1177 608 1401 677 caritaS,
1421 626 1596 679 quam
1626 611 1743 665 ma-

120 680 202 734 dit
244 681 321 735 illi
369 698 607 753 regnum
659 682 783 736 Dei.
835 715 901 722 --
953 681 1105 736 xime
1136 681 1189 735 in
1212 680 1568 751 aegroterum
1590 683 1745 736 vale-

123 752 193 805 Et
217 751 387 807 dedit.
703 789 710 795 -
953 751 1149 807 tudine
1176 751 1434 807 eurauda
1465 752 1737 822 exercuit,

380 826 572 880 nertin
595 836 651 881 n.
954 822 1194 893 insignis
1230 823 1341 877 fuit
1370 830 1428 877 et
1454 824 1745 893 prodigie-

224 893 410 949 Randi
447 894 693 950 studium
736 896 792 949 in
831 911 901 949 eo
952 910 1029 948 sa.
1063 893 1489 964 Paupertatem,
1515 894 1742 949 eastita-
1774 937 1778 948 .

241 965 531 1020 assiduum
572 966 680 1020 fuit
717 974 775 1020 et
813 981 903 1020 ar·
954 973 1163 1030 tem,et
1185 964 1570 1019 obedientiam
1594 982 1744 1020 sum·
1774 953 1779 1036 Ι

117 1034 522 1092 dentissimum.
585 1038 647 1090 In
714 1053 901 1091 rerum
954 1052 1049 1089 mo
1111 1036 1299 1090 studio
1360 1035 1628 1105 servavit,
1687 1044 1746 1091 et
1776 1049 1779 1068 ²

55 1139 58 1176 4
117 1121 251 1160 vero
288 1108 609 1162 coelestium
649 1116 901 1162 contem·
953 1106 1294 1161 caeterarum
1324 1106 1598 1160 virtt'itum
1620 1107 1744 1162 offi·
1776 1109 1781 1170 ζ

116 1177 366 1245 platione
394 1179 476 1233 ita
503 1178 727 1233 defixus
754 1187 897 1244 erat,
954 1178 1042 1232 cia
1067 1178 1500 1247 diligentissime
1527 1177 1715 1233 celuit.
1776 1189 1781 1232 ἑ

57 1249 60 1258 “
118 1253 177 1301 ut
225 1249 300 1302 ab
346 1249 612 1305 &mnibus
655 1250 901 1305 terrenae
989 1249 1071 1304 R.
1112 1248 1341 1303 Amavit
1379 1264 1507 1302 eum
1548 1249 1744 1303 Demi·
1778 1253 1783 1312 ἓ

55 1315 58 1358 7
115 1318 280 1388 hujus
297 1320 672 1375 habitationis
688 1321 902 1376 deliciis
955 1336 1076 1385 nuS,
1107 1328 1166 1374 et
1191 1318 1421 1374 ornavit
1455 1336 1604 1388 eum,
1631 1329 1742 1375 sto·
1780 1343 1783 1384 1,

55 1415 58 1472 j
113 1404 337 1460 semper
377 1391 706 1460 abhorrens,
748 1401 903 1447 totus
954 1392 1065 1446 lam
1100 1391 1306 1462 gleriae
1345 1390 1525 1445 induit
1561 1408 1691 1445 eum
1728 1412 1742 1446 t
1779 1403 1783 1472 g

55 1477 58 1522 ε
113 1459 167 1513 in
187 1463 542 1517 aeternerum
559 1463 900 1518 desiderium
953 1464 986 1497 *
1026 1464 1098 1516 Et
1140 1463 1212 1516 ad
1255 1469 1449 1531 portas
1492 1462 1742 1531 paradisi

55 1579 60 1628 ἱ

55 1533 60 1576 ⁴·
111 1539 168 1586 et
187 1533 450 1588 amorem
478 1534 601 1603 rapi
624 1535 901 1604 perpetuo
953 1532 1258 1588 coronavit
1283 1549 1431 1587 eum.
1452 1531 1524 1588 20.
1551 1533 1785 1594 Induit:

55 1645 58 1670 J
112 1601 416 1658 videretur.
493 1605 746 1674 Indeque
817 1605 899 1659 fa·
952 1620 1084 1658 eum
1157 1603 1436 1658 Dominus
1507 1603 1783 1658 loricam*

55 1675 60 1732 ’ὲ
110 1681 261 1727 ctum
292 1683 398 1740 est,
433 1683 494 1729 ut
525 1676 802 1745 quidquid
830 1692 900 1730 ex
952 1675 1106 1730 fidei.
1135 1683 1193 1729 et
1229 1673 1458 1728 ornavit
1491 1691 1640 1729 eum.
1674 1708 1742 1715 -—
1782 1749 1787 1754 ἶ

55 1793 60 1852 ss

56 1761 60 1784 τ
110 1744 229 1813 ejus
292 1761 391 1799 ore
457 1747 727 1815 prodiret,
786 1764 898 1801 non
955 1747 1025 1799 Et
1052 1746 1128 1800 ad
1156 1752 1366 1815 portas,

109 1815 232 1870 leve
262 1832 520 1885 unquam
542 1825 598 1871 et
619 1817 790 1872 inane
817 1834 901 1872 es-
1195 1819 1393 1874 nettin
1421 1820 1502 1881 ιη’.
1782 1857 1787 1886 2

107 1894 209 1952 set,
245 1889 346 1943 sed
387 1888 637 1958 superna
675 1905 902 1960 semper
1074 1888 1295 1958 Enique
1364 1904 1494 1942 cum
1560 1888 1741 1943 vitam
1782 1889 1787 1949 ἲ,

57 1958 58 2029 ᾗ
107 1966 164 2013 et
190 1960 456 2014 coelestia
495 1960 899 2016 tantummodo
1095 1977 1325 2015 omnem
1390 1975 1493 2029 per
1553 1959 1742 2029 huji'is-
1784 1956 1789 1983 ³

108 2030 411 2085 redoleret.
507 2031 897 2101 Quamebrem
953 2033 1106 2086 modi
1145 2033 1267 2101 pias
1304 2030 1742 2085 exercitatienes
1784 2028 1787 2087 l

105 2116 293 2156 sermo
315 2102 465 2156 illius
485 2103 671 2157 omnis
689 2119 760 2158 eo
780 2111 899 2160 tan·
951 2103 1371 2173 religiosissime
1432 2101 1742 2172 transegis-
1783 2112 1788 2153 !

57 2178 58 2201 ἒ
105 2178 221 2225 tum
264 2172 587 2242 spectabat,
615 2182 676 2227 ut
703 2176 792 2231 vel
821 2176 899 2230 ad
950 2181 1052 2240 set,
1101 2175 1315 2228 meritis
1365 2175 1566 2242 plenus
1618 2174 1741 2228 Pla·
1784 2170 1789 2253 'f

103 2242 359 2298 caducas
380 2260 468 2297 res
489 2245 895 2313 aspernendaS,
951 2245 1157 2300 centiae
1196 2245 1454 2300 Createri
1492 2261 1594 2299 suo
1633 2244 1742 2314 spi·
1784 2270 1789 2317 1

105 2315 196 2367 vel
221 2315 299 2369 ad
327 2315 627 2381 coelestem
654 2316 896 2371 beatitu·
953 2315 1122 2370 ritum
1151 2315 1529 2386 placidissime
1558 2315 1742 2369 reddi·
1785 2320 1789 2335 ¹

103 2385 298 2440 dinem
316 2386 899 2457 consequendam‚vel
951 2388 1052 2451 dit,
1095 2403 1251 2441 anno
1290 2393 1417 2456 post
1454 2386 1740 2441 Christum

103 2456 177 2509 ad
214 2457 577 2527 diligendum
617 2459 805 2513 Deum
842 2466 899 2513 et
954 2466 1152 2512 natum
1190 2457 1486 2512 millesimo
1525 2463 1741 2510 tercen-
1786 2428 1791 2489 Ῑ

104 2527 437 2595 proximum
501 2528 788 2584 attineret.
847 2531 898 2583 A
952 2528 1155 2583 tesimo
1216 2535 1395 2582 sexto,
1459 2528 1578 2581 Nec
1648 2527 1744 2581 de-

101 2599 481 2654 sacrosancto
519 2599 703 2654 missae
730 2601 900 2657 sacri·
952 2599 1111 2654 fuere
1142 2599 1433 2662 mirecula,
1454 2614 1588 2667 quae
1615 2615 1743 2652 san-

101 2668 237 2724 ficio
260 2686 579 2739 numquam
604 2670 895 2735 abstinuit,
952 2671 1210 2726 etitatem
1281 2670 1428 2724 illius
1501 2669 1740 2724 illustra·
1786 2652 1791 2769 ἰ

101 2741 275 2808 quod,
330 2756 606 2809 magnam
654 2742 768 2795 vim
820 2744 902 2796 la·
951 2751 1094 2797 rent.
1144 2742 1303 2797 Servi
1358 2741 1462 2794 Dei
1514 2757 1735 2811 corpuS‚
1786 2774 1792 2825 5

101 2811 442 2882 crymarum
461 2811 814 2881 profundens
831 2830 900 2867 ex
954 2814 1108 2882 quod
1137 2812 1743 2876 diulatt'ierat,inven·
1786 2828 1791 2881 f

101 2882 370 2938 caritatis
408 2883 672 2951 impulsu,
714 2883 769 2937 in
808 2885 902 2939 de·
954 2892 1095 2948 tum,
1125 2883 1304 2939 suave
1344 2883 1578 2946 olentia,
1609 2899 1741 2952 quae
1786 2898 1792 2929 ὃ

102 2953 439 3008 functorum
464 2953 751 3025 praecipue
776 2957 904 3010 sub-
956 2955 1286 3025 opinienem
1308 2952 1628 3008 sanctitatis
1644 2970 1743 3006 au-
1786 2938 1791 3009 ἵ

100 3025 311 3080 sidium
343 3024 550 3080 offerre
585 3026 896 3081 consuevit.
954 3027 1133 3096 geret,
1174 3027 1248 3081 ad
1288 3025 1461 3095 ipsius
1503 3039 1740 3078 venera·
1786 3014 1793 3120 ἰ

101 3097 364 3150 Tantam
419 3097 569 3150 hanc
619 3097 766 3151 servi
818 3098 900 3152 sui
955 3096 1168 3152 tienem
1218 3097 1401 3167 magis
1445 3095 1742 3165 magisque

101 3166 454 3237 religionem
480 3183 653 3237 quam
675 3175 902 3237 gratam
957 3167 1232 3238 populum
1302 3166 1586 3223 invitavit.
1658 3168 1742 3222 Ibi
1787 3124 1793 3235 i

99 3246 158 3292 et
246 3238 559 3307 acceptam
641 3238 904 3294 habtierit
960 3239 1267 3309 PhilippuS‚
1296 3256 1447 3293 novo
1482 3238 1741 3293 extructo
1788 3242 1794 3342 Ι
