2250 3810
544 364 655 404 DIE
686 367 705 403 1
739 364 873 405 OC‘r.
902 382 970 389 --
998 364 1045 405 S.
1080 363 1399 405 CYPRIANI.
1719 368 1774 405 11

154 467 279 522 lum
309 487 321 522 :
346 469 380 502 ὕ
408 468 479 522 Et
497 467 656 524 dedit
675 467 753 522 illi
780 467 940 521 clari-

164 536 345 592 tatem
385 538 686 596 aeternam.
733 536 805 593 ἸΌ.
833 539 941 593 De-

996 465 1234 535 sionem,
1291 465 1544 536 corporis
1593 468 1780 523 frena-

991 537 1208 592 tionem
1229 545 1287 591 et
1304 536 1627 606 puritatem,
1649 540 1779 594 cha-

163 608 494 679 scenditque
557 625 685 663 cum
738 609 834 663 illo
884 609 940 663 in
994 607 1253 663 meunias
1298 615 1356 662 et
1397 608 1644 678 vigiliaS,
1676 610 1778 664 do-

163 678 394 733 foveam
442 699 454 733 :
505 686 564 734 et
599 680 655 734 in
707 679 946 736 vinculis
993 679 1195 733 ctrinae
1222 679 1448 748 copiam
1471 689 1528 733 et
1556 679 1781 735 uberta-

133 765 275 807 .non
329 749 630 819 dereliquit
679 766 830 806 eum.
875 782 944 791 —
994 758 1130 814 tem,
1160 766 1274 818 qua
1301 757 1358 804 et
1383 749 1639 804 omnium
1660 768 1780 806 mo-

165 821 235 875 Et
260 821 437 876 dedit.
994 837 1082 876 res
1123 820 1406 886 instruxit,
1438 828 1496 875 et
1538 821 1777 903 dogma-

396 892 604 951 Hettiu
632 908 686 946 υ.
993 899 1117 946 tum
1145 890 1426 946 inscitiam
1452 892 1691 962 sustulit,
1723 902 1781 948 et

163 959 732 1094 CYprianusapia
773 963 945 1034 virgi·
995 962 1278 1017 clarorum
1337 961 1635 1018 hominum
1700 964 1781 1018 vi-

297 1050 369 1087 ne
393 1033 621 1105 Justina
659 1034 734 1089 ad
773 1034 943 1089 fidem
968 1037 971 1070 Ι
996 1041 1114 1087 tam
1156 1031 1478 1101 exornavit,
1506 1042 1563 1089 et
1601 1035 1780 1089 Trini-

157 1105 482 1174 conversus,
502 1104 758 1175 magicos
774 1104 946 1159 libros
994 1103 1129 1161 tatis
1177 1102 1557 1172 divinitatem,
1606 1121 1781 1174 quam

158 1174 382 1243 publice
422 1173 710 1245 proponit,
748 1176 943 1246 ingen·
998 1174 1254 1229 nonnulli
1280 1175 1617 1231 scindebant
1642 1191 1781 1230 non-

157 1252 273 1300 tem
300 1264 372 1300 ex
401 1246 510 1300 illis
528 1247 824 1301 flammam
851 1246 947 1300 ex·
997 1245 1137 1300 nulli
1198 1261 1418 1301 rursum
1481 1247 1782 1303 contrahe-

156 1316 319 1382 citat‚
346 1334 383 1371 a
408 1317 769 1372 daemonibus
793 1317 945 1371 sece-
994 1317 1155 1381 bant,
1222 1317 1296 1373 ad
1357 1317 1610 1372 veterem
1671 1325 1786 1373 sta-

154 1385 385 1455 dit,Deo
403 1388 947 1457 adjungitur,atque‚
995 1394 1115 1441 tum
1165 1387 1410 1455 reduxit,
1435 1388 1550 1458 piae
1587 1388 1785 1443 videli-

156 1472 192 1511 ο
218 1459 523 1513 mirificam
552 1457 761 1529 gratiae
789 1459 903 1513 vim
934 1463 945 1512 !
996 1465 1088 1511 cet
1116 1457 1343 1512 unionis
1379 1466 1437 1513 et
1475 1475 1786 1514 connume-

155 1544 257 1597 per
306 1529 634 1599 improbum
687 1529 944 1584 amorem
997 1528 1234 1583 rationis
1260 1528 1469 1584 finibus
1494 1546 1614 1585 sese
1652 1530 1787 1585 con-

153 1614 219 1653 ac
255 1600 539 1669 spiritum,
567 1600 752 1655 Deum
792 1601 946 1655 inve·
996 1600 1203 1664 tinenS,
1235 1608 1296 1654 ut
1335 1601 1482 1665 haec,
1525 1601 1782 1669 inquam,

152 1669 251 1737 nit,
286 1688 357 1725 ac
399 1671 545 1725 sacri
589 1671 782 1741 gregis
824 1671 948 1725 ovis
997 1669 1212 1735 omnia,
1244 1686 1314 1725 ne
1343 1671 1576 1727 modum
1601 1670 1787 1727 oratio

151 1740 419 1810 efficitur,
501 1748 675 1811 atque
751 1742 947 1810 etiam,
996 1741 1258 1810 excedat,
1291 1742 1651 1806 contraham,
1674 1760 1788 1798 una

149 1812 646 1938 guemadmodum
710 1829 746 1866 a
806 1829 944 1882 quo·
997 1827 1123 1867 cum
1166 1813 1302 1867 vitae
1345 1812 1520 1884 ipsius
1563 1813 1789 1870 dicendi

189 1899 286 1938 am
315 1883 538 1954 accepi,
569 1882 833 1951 aedituus,
862 1892 946 1939 at·
997 1883 1170 1938 finem
1197 1882 1427 1939 faciam.

146 1970 257 2023 que
286 1954 488 2010 multis
512 1971 741 2039 quoque
768 1956 946 2025 preci·
1039 1956 1119 2011 R.
1167 1955 1524 2012 Desiderium
1573 1956 1786 2012 animae

141 2024 247 2080 bus
292 2028 369 2080 ab
421 2042 491 2079 eo
533 2025 820 2091 adhnbitis,
860 2034 940 2091 ut,
997 2026 1121 2097 ejus
1145 2025 1389 2081 tribuisti
1426 2027 1476 2082 ei
1504 2028 1787 2083 Domine:

143 2096 804 2167 adpriorisarrogantiae
817 2114 942 2167 pur·
995 2100 1029 2133 ὕ
1055 2099 1129 2154 Et
1165 2096 1464 2152 voluntate
1503 2099 1784 2154 labiorum

141 2167 470 2238 gationem,
561 2167 942 2222 humilitatem
994 2168 1115 2238 ejus
1166 2184 1280 2222 non
1316 2168 1596 2225 fraudasti
1631 2187 1785 2226 eum.

141 2239 621 2293 exerceret.Haec
646 2237 941 2308 signorum
998 2240 1069 2294 w.
1127 2238 1415 2309 Quoniam
1458 2241 1788 2310 praevenisti

142 2316 201 2363 et
243 2308 641 2379 prodigiorum
672 2309 835 2367 Deus,
860 2309 945 2364 fa·
994 2326 1125 2365 eum
1179 2309 1236 2363 in
1300 2309 1787 2366 benedictionibus

143 2379 236 2448 cit,
263 2379 468 2435 divina
485 2379 635 2433 enim
663 2379 945 2449 sapientia
994 2379 1335 2437 dulcedinis:
1363 2380 1599 2448 posuisti
1624 2382 1683 2436 in
1699 2382 1787 2436 ca-

145 2450 501 2522 magnarum
522 2465 711 2503 rerum
738 2450 943 2505 funda·
994 2452 1110 2521 pite
1139 2451 1259 2521 ejus
1284 2450 1557 2507 coronam
1597 2452 1668 2507 de
1705 2453 1785 2507 la-

144 2521 345 2576 menta
377 2522 560 2575 multo
579 2528 714 2574 ante
730 2520 942 2591 jacere,
995 2523 1128 2592 pide
1156 2521 1421 2591 pretioso,
1454 2553 1512 2562 -
1550 2524 1637 2578 Et.

145 2607 215 2646 ac
225 2591 527 2647 contraria
540 2604 643 2660 per
653 2592 943 2647 contraria
1230 2590 1439 2651 nertin
1458 2598 1513 2659 bi
1524 2630 1541 2650 0

150 2662 472 2744 procurare
511 2662 692 2743 novit,
725 2670 787 2717 ut
824 2679 945 2717 ma·
1108 2664 1331 2719 Ure'bat
1370 2665 1645 2721 adversus
1682 2681 1787 2721 nos

140 2733 334 2802 Jorem
374 2749 464 2787 sm
500 2733 944 2788 admirationem
1144 2734 1372 2799 DeciuS‚
1477 2735 1785 2806 omniaque

141 2803 493 2862 mortalibus
516 2803 744 2859 e'xcitet.
778 2804 944 2859 Suffi-
995 2806 1411 2861 tormentorum
1425 2807 1786 2876 generacon-

139 2876 303 2931 ciunt
358 2874 548 2929 uidem
572 2875 699 2929 haec
716 2891 945 2946 quoque
996 2877 1279 2946 quirebat,
1331 2893 1399 2931 ac
1443 2876 1786 2945 gravissima

139 2946 320 3017 Cypri
372 2945 428 2999 ni
456 2944 683 3005 ,decora
709 2947 784 3000 ad
826 2962 944 3001 om·
993 2963 1269 3017 quaequae
1285 2947 1566 3017 supplicia
1585 2948 1786 3017 partim

139 3034 242 3073 nes
269 3014 709 3087 perfectissimae
746 3018 942 3072 lauda·
991 3018 1110 3087 jam
1191 3018 1493 3082 inferebat,
1576 3019 1784 3088 partim

137 3085 941 3157 tionisnumerosexplendos
992 3087 1275 3153 tentabat,
1322 3087 1558 3159 parique
1609 3089 1784 3144 etiam

139 3160 296 3215 Nam
367 3156 741 3226 pecuniarum
814 3174 945 3213 con·
995 3159 1364 3215 contentione
1393 3160 1447 3215 in
1488 3159 1784 3229 utrumque

135 3227 646 3300 temptum‚fastus
660 3244 944 3298 compres-
966 3200 971 3291 i
994 3231 1197 3284 horum
1224 3229 1608 3295 incumbebat,
1640 3238 1701 3285 ut
1726 3240 1784 3287 et
