2250 3810
471 317 535 368 16
597 327 758 370 DOM.-
789 328 1009 369 ULTtM.
1044 327 1312 369 AUGUST.
1349 327 1400 366 B.
1437 327 1503 366 M.
1538 327 1589 366 v,
1627 328 1709 367 ms
1737 326 1961 369 OROPA.

467 440 793 496 universum
871 441 1115 496 centulit
1192 442 1247 495 in

468 511 732 567 Mariam.
765 512 953 565 Altius
989 528 1130 583 ergo
1169 512 1247 565 in-

466 582 708 638 tuemini
736 591 960 651 quanto
987 583 1250 637 devotie-

468 654 553 708 nis
590 653 803 709 affectu
842 672 878 708 a
918 655 1080 708 nobis
1119 671 1249 709 eam

466 725 713 780 voluerit
785 724 1076 793 honorari,
1154 725 1251 794 qui

466 795 641 851 totius
675 797 807 850 boni
837 796 1250 866 plenitudinem

467 867 655 936 pesuit
675 867 730 920 in
755 867 963 933 Maria;
984 875 1045 922 ut
1064 868 1251 937 proin·

467 938 538 993 de
576 938 620 993 si
661 938 797 1007 quid
835 938 951 1008 spei
993 939 1049 992 in
1090 939 1253 993 nobis

467 1018 568 1073 est,
594 1009 639 1062 si
656 1010 791 1078 quid
809 1010 1035 1079 gratiae,
1053 1010 1252 1080 siquid

466 1079 683 1145 salutiS,
716 1081 790 1134 ab
815 1096 885 1134 ea
928 1082 1255 1136 noverimus

468 1149 806 1214 redundate,
837 1168 970 1220 quae
996 1153 1255 1207 ascendit

468 1221 686 1277 deliciis
759 1221 1015 1277 affluens„
1091 1224 1254 1278 Totis

468 1309 609 1363 ergo
649 1292 911 1347 medullis
972 1294 1249 1359 cerdium,

468 1364 604 1419 totis
628 1364 1077 1433 praecordidrum
1117 1365 1257 1420 affe-

468 1434 669 1502 ctibuS‚
709 1442 767 1489 et
805 1436 952 1490 votis
991 1436 1257 1492 &mnibus

401 1515 430 1580 ,Ξ
468 1506 874 1563 Mariamhanc
894 1509 1252 1572 veneremur,
1332 1548 1343 1553 ἢ

468 1577 605 1646 quia
626 1577 705 1631 sic
724 1590 810 1632 est
830 1579 1099 1634 voluntas
1118 1581 1256 1649 eju5‚

469 1648 566 1717 qui
594 1657 778 1703 totum
803 1666 905 1704 nos
925 1651 1137 1705 habere
1159 1651 1256 1705 νό-

469 1720 576 1776 luit
636 1736 738 1789 per
776 1720 1042 1777 Mariam.
1093 1724 1256 1786 Haec,

471 1792 723 1860 inquam,
803 1791 1074 1847 voluntas
1136 1794 1258 1863 ejus

469 1869 571 1927 est,
603 1862 702 1918 sed
723 1878 826 1931 pro
854 1864 1028 1919 nobis,
1053 1866 1114 1919 ln
1140 1865 1256 1920 dm-

472 1934 635 1989 nibus
692 1933 993 2002 siquidem,
1050 1944 1108 1991 et
1158 1954 1259 2006 per

471 2005 667 2059 emnia
696 2005 1006 2073 previdens
1025 2007 1258 2074 miseriS,

471 2074 920 2144 trepidationem
997 2085 1256 2134 nostram

471 2146 707 2213 solatur,
769 2145 940 2201 fidem
1018 2149 1252 2215 excitat,

472 2234 631 2287 spem
673 2217 925 2285 reborat,
993 2178 1286 2299 diffiden-3

472 2289 615 2343 tiam
642 2287 843 2359 abigit,
876 2291 1046 2361 erigit
1087 2293 1256 2360 pusil-

470 2358 864 2415 lanimitatem.
906 2363 996 2417 Ad
1029 2322 1287 2418 Patrem3

472 2430 762 2486 verebaris
814 2434 1089 2489 accedere
1137 2432 1287 2489 solo*

473 2502 674 2558 auditu
713 2504 960 2571 territus,
1003 2507 1078 2560 ad
1120 2507 1258 2561 felia

474 2575 761 2645 fugieba53
788 2577 985 2644 Jesum
1032 2577 1133 2632 tibi
1163 2578 1260 2632 de-

473 2646 557 2701 dit
569 2646 963 2701 mediatdrem.
978 2648 1132 2718 Quid
1143 2665 1259 2704 non

474 2717 630 2787 apud
647 2718 820 2771 talem
843 2718 1070 2773 Patrem
1091 2720 1264 2775 Filius

474 2788 605 2842 talis
644 2787 935 2843 obtineat?
979 2791 1263 2846 Exaudie-

472 2866 566 2913 tur
594 2858 788 2927 utique
816 2875 919 2929 pro
940 2863 1263 2917 reverentia

473 2946 578 2985 sua
626 2950 637 2984 ε
679 2932 849 2984 Pater
884 2932 1036 2986 enim
1076 2933 1262 3009 diligit

478 3000 699 3056 Filium.
721 3002 834 3056 Sed
856 3002 1098 3058 fdrsitan
1120 3014 1179 3059 et
1205 3006 1261 3059 in

475 3073 598 3140 ipso
639 3072 1001 3143 majestatem
1027 3075 1263 3130 vereare

476 3143 749 3210 divinam,
794 3146 949 3213 quod
1007 3146 1141 3201 licet
1182 3148 1264 3201 fa-

477 3222 595 3269 ctus
637 3215 710 3269 sit
748 3218 944 3280 home,
990 3216 1294 3278 manserit.

1305 447 1499 494 tamen
1524 440 1696 495 Deus,
1726 440 2097 498 Advocatum

1306 510 1518 565 habere
1547 510 1632 565 vis
1659 520 1716 565 et
1760 512 1838 566 ad
1878 512 2098 581 ipsum?

1308 581 1399 636 Ad
1427 580 1675 636 Mariam
1705 581 1949 637 recurre.

1345 654 1424 709 ἢ.
1471 652 1754 708 Ornatam
1794 653 2104 710 monilibus
2166 655 2171 666 '

1310 725 1488 780 filiam
1527 723 1849 794 Jerusalem
1902 726 2103 780 Demi-

1309 814 1414 852 nus
1439 794 1770 864 concupivit
1806 798 1878 849 z*
1906 798 1980 851 Et
2020 797 2105 853 vi-
2168 813 2169 822 ¹

2163 279 2169 390 Ι

1308 869 1509 923 dentes
1570 882 1702 921 eam
1766 866 1904 922 filiae
1960 869 2104 923 Sion
2168 859 2169 876 ¹

1309 937 1700 994 beatissimam
1740 939 2108 1008 praedicave'-
2168 995 2169 1008 χ

1310 1019 1460 1073 runt,
1483 1009 1740 1064 dicentes
1775 1029 1787 1063 :
1818 1011 2107 1080 Unguen-

1308 1089 1431 1136 tum
1441 1079 1681 1135 effusum
1693 1097 1906 1135 nomen
1919 1091 2107 1136 tuum.

1312 1153 1380 1209 8³.
1412 1151 1610 1207 Astitit
1644 1152 1874 1222 Regina
1901 1170 1938 1207 a
1964 1154 2113 1208 dex·
2168 1161 2171 1174 ⁴

1307 1226 1409 1279 tris
1435 1223 1546 1278 tuis
1572 1222 1631 1276 in
1670 1223 1883 1277 vestitu
1923 1225 2113 1280 deau-

1310 1296 1455 1361 rato,
1498 1293 1858 1348 circumdata
1918 1296 2114 1350 varie-

1311 1367 1445 1422 tate.
1482 1397 1548 1405 —
1576 1366 1619 1419 F
1623 1372 1646 1419 t
1671 1364 1951 1421 videntes,

1522 1437 1728 1494 nemo
1752 1442 1880 1500 biti.
2088 1479 2091 1482 ¹

1344 1569 1347 1573 ,
1400 1539 1501 1576 Q
1527 1510 1648 1563 Ura
1685 1507 1968 1576 siquidem
2003 1510 2116 1563 hu-

1389 1549 1511 1659 L33
1549 1579 1797 1634 manitas
1815 1579 1870 1633 iu
1886 1580 2110 1644 Maria,

1312 1724 1386 1777 ab
1407 1722 1563 1777 omni
1586 1722 2116 1792 contaminatidne,

1311 1795 1409 1848 sed
1437 1803 1494 1848 et
1530 1808 1672 1863 pura
1699 1793 1782 1848 sin
1832 1793 2117 1850 ulari'tate

1313 1865 1554 1921 naturae.
1581 1865 1698 1918 Nec
1719 1864 1795 1921 du
1838 1864 1925 1920 ius
1946 1865 2120 1921 dixe-

1312 1938 1438 2002 rim,
1481 1935 1824 1991 exaudietur
1879 1944 1940 1990 et
1981 1937 2118 2007 ipsa

2168 1243 2172 1296 1

1314 2026 1416 2079 pro
1428 2008 1749 2063 reverentia
1765 2024 1886 2062 sua.
1912 2008 2120 2064 Exau-
2171 2062 2175 2079 ⁸

1313 2081 1431 2134 diet
1470 2080 1667 2148 utique
1708 2079 1962 2132 Matrem
2020 2081 2121 2134 Fi·
2172 2104 2175 2121 ι

1313 2154 1437 2216 lius,
1479 2159 1538 2205 et
1573 2149 1844 2204 exaudiet
1898 2150 2116 2206 Filium

1316 2224 1504 2277 Pater.
1551 2220 1756 2285 Filioli,
1801 2222 1932 2276 haec
1975 2238 2119 2291 pec-

1315 2294 1573 2348 caterum
1602 2292 1781 2356 scala,
1814 2293 1944 2346 haec
1974 2310 2119 2349 mea

1316 2363 1570 2419 maxima
1596 2362 1809 2418 fiducia
1838 2373 1945 2428 est,
1978 2366 2118 2420 haec

1314 2443 1438 2490 tota
1459 2434 1608 2490 ratio
1626 2434 1747 2504 spei
1765 2451 1937 2489 meae.
1953 2437 2119 2505 Quid

1314 2508 1498 2561 enim?
1522 2506 1789 2561 Potestne
1809 2505 1988 2561 Filius
2006 2516 2123 2562 aut
2172 2526 2175 2547 1

1317 2578 1608 2648 repellere,
1671 2585 1773 2632 aut
1827 2578 2119 2633 sustinere

1316 2649 1635 2719 repulsam?
1706 2650 1835 2702 Non
1903 2649 2121 2705 audire

1317 2728 1417 2776 aut
1447 2737 1561 2775 non
1590 2720 1775 2774 audiri
1807 2719 1982 2774 Filius
2008 2737 2123 2790 po-
2172 2726 2176 2747 *

1318 2796 1458 2847 test?
1483 2794 1760 2846 Neutrum
1790 2791 1982 2860 plane.
2019 2793 2124 2847 In-

1317 2863 1540 2928 venisti,
1571 2863 1654 2917 ait
1671 2864 1956 2932 AngeluS,
1977 2864 2126 2933 gra-

1318 2935 1458 2989 tiam
1511 2934 1667 3003 apud
1707 2935 1915 2988 Deum.
1967 2935 2127 2990 Feli-

1319 3006 1460 3059 citer
1494 3020 1759 3074 :semper
1784 3004 1913 3060 haec
1952 3005 2128 3062 inve'-
2172 3004 2173 3013 ’

1321 3077 1438 3130 niet
1462 3076 1735 3146 gratiam,
1779 3084 1838 3130 et
1862 3079 1985 3131 sola
2029 3086 2130 3132 est

1320 3147 1531 3218 gratia,
1571 3164 1689 3217 qua
1713 3147 1954 3217 egemus
1987 3167 2000 3200 :
2033 3149 2129 3203 ni-

1322 3219 1526 3273 mirum
1581 3219 1703 3274 sola
1755 3226 1842 3273 est
1890 3217 2124 3288 gratia,

1550 1667 1664 1705 non
1723 1651 1897 1705 modo
1957 1668 2117 1719 pura
2214 1655 2215 1688 Ὗ
