2250 3810
396 349 548 387 -20

469 476 535 530 lis
561 492 591 529 e
617 477 730 531 suis
756 476 1038 546 eripiebat
1069 477 1251 532 fauci-

468 548 590 611 bus,
623 547 902 611 maiorem
944 566 1121 618 quam
1152 548 1251 603 un-

468 625 566 672 tea
592 619 865 674 adversus
884 635 1014 675 eum
1037 619 1253 675 excita-

469 690 552 743 vit
598 690 1067 760 persecutionem.
1114 692 1254 745 Erat

469 769 605 815 tunc
667 761 943 831 temporis
1023 762 1253 818 Sedulae

469 832 666 902 oppidi
685 841 742 887 et
762 833 878 887 dux
900 843 956 888 et
966 833 1253 903 guberna-

472 909 565 957 tor
614 902 922 959 Attabolus
968 904 1254 960 idolorum

470 976 655 1029 cultor
683 995 694 1029 :
716 975 761 1028 is
781 974 964 1030 sciens
982 974 1255 1030 Evasium

468 1046 756 1100 Christum
810 1046 1149 1115 praedicare,
1199 1053 1258 1101 et

472 1118 679 1171 multos
722 1117 794 1171 ab
836 1118 1070 1187 impuris
1106 1117 1258 1172 erro-

471 1186 623 1242 ribus
661 1188 737 1242 ad
776 1189 1149 1243 christianam
1195 1189 1257 1243 fi-

471 1259 603 1313 dem
630 1259 751 1329 ejus
777 1259 952 1329 opera
980 1260 1256 1326 converti,

467 1328 619 1385 illico
645 1331 1072 1399 comprehendi,
1102 1340 1162 1386 et
1182 1332 1256 1386 ad

467 1417 525 1456 se
554 1400 761 1456 adduci
798 1402 978 1471 jubet,
1008 1403 1256 1472 totisque

467 1471 682 1527 viribus
707 1474 1019 1543 contendit,
1055 1483 1116 1529 ut
1143 1475 1255 1528 for-

468 1544 748 1598 tissimum
777 1545 985 1599 Christi
1013 1545 1253 1600 Confes-

467 1615 654 1669 surem
706 1615 781 1669 ad
820 1615 1075 1671 inanium
1121 1616 1255 1671 deo'-

468 1702 591 1740 rum
620 1686 835 1740 cultum
862 1687 1093 1743 alliciat.
1143 1687 1255 1742 Sed

469 1773 596 1811 cum
649 1756 1004 1811 constantior
1066 1758 1250 1822 fieret,

473 1843 657 1896 neque
721 1828 1011 1883 Christum
1074 1829 1250 1884 libere

467 1898 726 1954 confiteri
768 1898 1070 1965 desineret,
1102 1902 1253 1956 cate-

470 1971 553 2025 nis
595 1969 861 2033 onustum,
899 1972 953 2026 in
1009 1973 1252 2027 tenebri-

467 2042 664 2096 cosum
706 2041 994 2097 carcerem
1039 2043 1251 2098 includi

466 2113 729 2183 imperat.

501 2184 584 2239 22.
635 2183 993 2239 Desiderium
1036 2185 1250 2242 animae

465 2257 585 2325 ejus
611 2254 851 2308 tribuisti
890 2256 940 2310 ei
979 2256 1246 2323 Domine,

465 2328 500 2362 ἥ
528 2329 598 2381 Et
628 2325 927 2381 voluntate
962 2328 1251 2383 labiorum

467 2398 589 2467 ejus
628 2413 742 2450 non
775 2397 1064 2459 {raudusti
1093 2416 1244 2455 eum.

465 2469 537 2523 Χ).
587 2467 875 2540 Quoniam
919 2471 1250 2539 praevenisti

463 2557 593 2595 eum
647 2540 703 2593 in
751 2540 1251 2599 benedictionibus

464 2610 779 2666 dulcedinis
829 2632 840 2665 :
900 2613 1134 2682 posuisti
1191 2615 1248 2668 in

464 2683 652 2753 capite
695 2680 816 2750 ejus
859 2684 1135 2739 coronam
1177 2687 1248 2741 de

464 2754 656 2824 lapide
684 2755 952 2821 pretioso.
986 2788 1053 2796 —
1083 2758 1173 2811 Et.

701 2830 899 2883 Uettio
930 2832 1009 2894 bi.

476 2901 627 2968 [451]
663 2898 925 2971 ‚Equenti
967 2899 1060 2953 die
1088 2900 1248 2953 exhi-

470 2967 671 3080 'L.
700 2970 819 3025 beri
845 2970 948 3024 sibi
975 2971 1251 3040 praecepit

520 3089 553 3094 ,γ
596 3072 641 3094 r·
699 3042 816 3096 dux
835 3049 1096 3096 sanctum
1119 3042 1248 3111 Epi-

460 3124 717 3178 scopum,
748 3120 804 3167 et
825 3129 893 3167 ea
914 3129 1012 3183 spe
1035 3112 1243 3176 illusuS‚

461 3181 617 3260 quod
680 3192 872 3252 posset
935 3184 1249 3253 aliquando

460 3252 890 3309 invictissimum
940 3256 1248 3309 Praesulem

872 345 983 385 DIE
1022 347 1088 384 12
1124 343 1264 384 DEC.
1289 360 1368 368 -
1396 343 1443 383 S.
1478 341 1703 384 EVAsu.

1310 476 1384 531 ad
1433 477 1670 531 deorum
1712 477 1926 530 cultum
1973 493 2097 546 per-

1308 547 1535 612 ducere,
1578 547 1855 616 precibuS,
1888 564 2098 618 propo-

1306 617 1539 688 sitisque
1561 618 1809 688 praemiis
1829 618 2097 673 eumdem

1310 690 1666 759 aggreditur3
1695 705 1870 758 quum
1898 696 2095 745 autem

1310 760 1539 826 frustra,
1569 767 1628 814 et
1671 759 1946 815 inutiliter
1974 777 2097 814 ver·

1309 833 1383 886 ba
1438 832 1722 896 funderet,
1777 847 1881 886 nec
1934 832 2099 900 quid-

1351 901 2100 974 uamsperundumamplius

1309 919 1562 1039 duceret,
1592 990 1722 1028 eum
1749 972 1947 1043 gladio
1973 975 2100 1043 per-

1311 1045 1426 1100 cuti
1476 1045 1730 1100 mandat.
1787 1044 2100 1100 Perductus

1312 1114 1487 1186 igitur
1512 1117 1585 1171 ad
1612 1117 1800 1170 locum
1818 1116 2096 1186 supplicii,

1311 1188 1461 1241 datis
1520 1182 1833 1242 cervicibus
1883 1187 2096 1242 illustre

1312 1259 1535 1313 Christo
1565 1257 1816 1313 Domino
1843 1258 2097 1312 testimo-

1312 1329 1469 1384 nium
1497 1329 1653 1385 dedit
1682 1329 1959 1384 Kalendis
1985 1330 2096 1383 De-

1311 1401 1571 1467 cembriS,
1601 1399 1933 1470 impiissimo
1958 1401 2098 1471 apo-

1310 1479 1462 1528 stata
1490 1471 1721 1543 juliano
1753 1471 2095 1542 imperante3

1310 1550 1484 1612 atque
1511 1560 1641 1598 cum
1668 1560 1737 1598 eo
1766 1543 1915 1613 passi
1962 1550 2099 1599 sunt

1310 1614 1487 1669 levita
1530 1615 1838 1684 ProjectuS,
1883 1615 2095 1685 aliique

1312 1685 1616 1754 promiscui
1656 1702 1825 1740 sexus
1864 1694 2097 1740 centum

1310 1756 1701 1826 quadraginta
1819 1756 2092 1827 quinque.

1312 1828 1636 1883 Pretiosam
1680 1828 1803 1910 ejus
1848 1834 2093 1883 mortem

1313 1900 1467 1955 Deus
1494 1898 1788 1970 prodigiiS,
1819 1905 1877 1953 et
1917 1899 2097 1970 signis

1307 1970 1581 2025 testatam
1658 1971 1861 2035 voluit3
1942 1971 2097 2026 illico

1308 2042 1458 2096 enim
1480 2043 1566 2097 ira
1587 2042 1695 2096 Dei
1716 2042 1905 2097 saeviit
1922 2043 1978 2096 in
1996 2059 2099 2097 eos

1307 2130 1524 2183 omnes,
1581 2114 1678 2183 qui
1739 2114 1796 2167 in
1860 2113 2098 2169 beatum

1308 2185 1654 2255 Episcopum
1719 2184 2090 2240 insanierant.

1307 2256 1615 2312 Attabolus
1664 2255 1926 2310 caecitate
1971 2272 2098 2326 per-

1305 2327 1518 2392 cussuS‚
1550 2326 1646 2381 alii
1686 2327 1838 2381 surdi
1881 2326 2091 2394 effecti,

1305 2398 1533 2469 plurimi
1575 2413 1714 2452 vero
1748 2414 1785 2452 a
1825 2398 2095 2454 daemone

1304 2470 1519 2535 vexati,
1552 2468 1766 2539 patrati
1808 2469 2096 2539 sacrilegii

1305 2558 1514 2612 poenas
1539 2541 1716 2607 luere3
1745 2541 1845 2595 sed
1890 2540 2095 2596 dolore

1304 2613 1492 2667 cordis
1550 2612 1693 2666 tacti
1757 2611 2096 2668 intrinsecus

1305 2684 1381 2739 ad
1407 2683 1688 2738 tumulum
1729 2683 1913 2737 sancti
1939 2683 2095 2739 Mar·

1306 2756 1446 2827 tyris
1490 2753 1721 2809 orantes
1765 2754 1887 2823 ejus
1921 2754 2096 2809 inter-

1306 2827 1558 2881 cessione
1595 2825 1825 2879 veniam
1854 2827 2097 2881 crudeli-

1304 2898 1442 2952 tatis
1502 2895 1826 2951 commissae
1879 2914 1915 2951 a
1961 2899 2092 2953 Deo

1306 2968 1703 3040 precabantur.
1716 2968 1871 3036 Deus
1880 2976 2096 3038 autem,

1305 3042 1394 3096 cui
1422 3039 1715 3110 proprium
1733 3046 1817 3093 est
1840 3040 2096 3097 misereri

1303 3128 1530 3182 semper
1569 3119 1630 3165 et
1665 3109 1921 3180 parcere,
1970 3114 2099 3182 qui-

1304 3200 1414 3253 que
1434 3200 1547 3237 non
1561 3183 1681 3237 vult
1699 3188 1942 3237 mortem
1961 3200 2094 3254 pec-

1304 3254 1532 3321 caturiS,
1563 3253 1663 3308 sed
1691 3260 1751 3307 ut
1786 3256 2098 3312 converta-
