2250 3810
450 348 518 386 12
646 344 757 410 DIE
794 347 866 400 14
899 345 1261 385 FEBRUARII.
1299 368 1366 376 —
1398 344 1443 386 S.
1477 344 1867 386 APOLLON1AE.

445 472 649 542 quibus
667 472 820 541 prius
836 471 1118 526 dracdnes
1135 474 1236 526 ha·
1283 472 1479 527 tudine
1517 480 1630 540 tua,
1657 471 1908 537 intende,
1941 472 2070 541 ρι’ό-

444 542 726 608 bit-aibant,
741 543 957 597 orietur
970 544 1125 598 viror
1143 543 1235 598 czi-
1284 559 1445 613 spere
1472 542 1738 612 procede,
1770 549 1827 596 et
1861 558 2062 613 regna.

444 613 602 679 lami,
633 622 690 668 et
709 613 885 684 junci.
918 615 992 669 Et
1025 615 1133 669 erit
1159 615 1234 669 ibi
1283 647 1353 655 —
1380 615 1453 668 Et
1477 613 1724 668 deducet

445 685 669 750 semita,
695 693 753 740 et
777 685 886 753 via,
907 691 964 739 et
983 687 1080 741 via
1106 702 1231 740 san·
1553 685 1740 742 Uettio
1766 695 1823 741 n·

445 764 541 811 cta
567 756 885 812 vocabitur.
1553 772 1699 825 aque
1811 772 2073 826 compre-

482 828 554 883 20.
586 830 790 883 Fluent
828 828 904 882 ad
943 845 1075 883 eum
1113 846 1231 883 om·
1553 827 1718 892 tensa,
1750 834 1814 881 ut
1839 828 2076 882 combu-

447 916 546 954 nes
582 906 803 969 gentes,
849 897 930 952 22.
962 901 1034 953 Et
1072 901 1231 955 ibunt
1553 899 1757 963 eretur,
1778 914 1909 953 cum
1931 915 2075 968 pau·

446 972 522 1026 ad
549 987 681 1025 eum
710 970 904 1040 pepuli
935 971 1115 1025 multi.
1284 995 1470 1036 uspm,
1525 970 1687 1038 quasi
1749 969 2076 1025 deliberans

485 1045 701 1097 Deinde
737 1043 800 1095 S.
847 1042 1137 1096 Valentini
1171 1049 1239 1096 ut
1285 1039 1421 1108 quid
1448 1039 1741 1110 agendum
1770 1048 1932 1108 esset,
1961 1048 2075 1095 ste-

445 1118 507 1168 in
535 1116 859 1167 Breviario.
1283 1110 1545 1175 tisset,ex
1565 1112 1786 1167 illerum
1807 1111 2075 1167 mani-bus

761 1186 1237 1247 3urno,Le52ianes
1284 1180 1496 1251 elapsa,
1536 1181 1741 1238 alacris
1777 1184 1833 1238 in
1874 1183 2092 1253 ignem‘

761 1273 855 1307 ura
894 1262 1227 1309 occurrente.
1284 1252 1386 1307 sibi
1405 1252 1935 1323 partitum,maj6ris
1948 1255 2071 1324 Spi-

761 1343 851 1451 αῇ.
881 1325 1227 1452 ξῒῗιηῇῐέὺοῑ.
1285 1323 1423 1449 ι’ἰῖυέ
1438 1325 1621 1379 sancti
1644 1325 1880 1451 flafgrpta
1900 1327 2066 1452 3¹th

849 1415 883 1452 ο
979 1417 1097 1452 rno.
1286 1411 1387 1449 acc
1427 1412 1546 1464 usa,
1571 1412 1629 1450 se
1656 1414 1732 1467 ιη]
1772 1413 1821 1451 c1
1853 1440 1865 1452 .
1959 1415 1994 1451 n
2038 1414 2071 1452 e

761 1471 892 1524 ectio
919 1471 1007 1525 in,
1286 1466 1442 1520 brevi
1461 1466 2071 1538 consumptocdrpore,

761 1538 974 1593 olldnia
1052 1539 1236 1608 Virgo
1288 1536 1857 1620 purissimusspiritus
1875 1540 1931 1594 in
1954 1556 2073 1594 coe-

761 1613 802 1664 A
819 1610 837 1662 l
855 1626 885 1663 e
899 1625 1026 1663 xan
1041 1610 1238 1664 drina
1285 1609 1403 1663 lum
1415 1610 1906 1680 adsemplternam
1918 1613 2075 1666 Mar-

761 1681 854 1734 ·sub
906 1680 1084 1735 Decio
1136 1681 1239 1735 im·
1287 1680 1419 1750 tyrii
1447 1681 1722 1736 corenam
1750 1681 2029 1737 evolavit.

761 1752 1038 1820 peratdre,
1105 1768 1238 1806 cum
1326 1751 1407 1806 R.
1460 1751 1720 1806 Dilexisti
1764 1753 2070 1822 justitiam,

761 1822 887 1876 ente
907 1822 1029 1893 jam
1057 1823 1238 1878 aetate
1288 1831 1344 1877 et
1406 1822 1574 1877 odisti
1637 1823 2002 1893 iniquitatem
2061 1845 2075 1880 ε

761 1892 1037 1959 isteretur,
1070 1902 1133 1949 ut
1158 1894 1239 1949 eis
1287 1894 1877 1964 *Proptereaunxitte
1891 1897 2068 1965 Deus,

761 1981 884 2019 nem
913 1966 1233 2031 adhiberet,
1289 1968 1442 2021 Deus
1485 1974 1615 2021 tuus
1657 1967 1786 2021 όΙεο
1825 1967 2068 2025 laetitiae.

761 2036 976 2106 emptis,
1041 2039 1236 2107 Jesum
1288 2038 1356 2093 ἹΌ.
1392 2039 1631 2107 Propter
1656 2038 1982 2105 veritatem,
2015 2048 2077 2096 et

788 2123 987 2162 verum
1049 2110 1237 2163 Deum
1288 2108 1797 2179 mansuetudinem,
1831 2117 1891 2165 et
1909 2111 2078 2181 justi-

793 2195 913 2233 esse
955 2180 1236 2249 praedicil-
1284 2181 1444 2236 tiam.
1474 2211 1544 2219 —
1573 2182 1903 2251 Propterea.

450 2259 565 2304 bat.
609 2250 996 2317 quamebrem
1037 2267 1237 2306 omnes
1382 2253 1468 2305 De
1495 2252 1771 2306 Sermdne
1796 2254 1983 2308 sancti

449 2320 499 2374 ei
527 2319 748 2374 contusi
779 2329 928 2387 sunt,
960 2329 1019 2376 et
1055 2322 1235 2377 evulsi
1426 2323 1688 2392 Gregdrii
1733 2325 1921 2393 Papae.

448 2391 670 2456 dentes;
712 2409 779 2447 ac
815 2393 917 2447 nisi
945 2393 1235 2449 Christum
1537 2396 1727 2452 Uettio
1752 2399 1835 2459 ni.

448 2462 736 2518 detestata
789 2466 943 2519 Deos
997 2464 1228 2534 celeret,
1537 2467 1637 2520 lete
1674 2482 1778 2536 per
1813 2467 2079 2523 Salomd-

448 2535 692 2589 accenso
721 2551 881 2605 rog0‚
908 2536 1235 2591 combustu-

448 2621 540 2659 ros
588 2607 784 2660 vivam
842 2604 1042 2661 minati
1102 2617 1234 2661 sunt
1537 2608 1592 2661 :is
1635 2616 1738 2673 est,
1788 2618 1849 2663 ut
1893 2626 2069 2677 mors,

448 2676 606 2746 impii
653 2676 968 2731 carnifices,
1016 2678 1236 2747 Quibus
1283 2699 1533 2745 uuect103
1574 2680 1710 2749 quia
1746 2680 1893 2735 sicut
1918 2697 2076 2737 mors

447 2748 566 2812 illa,
597 2764 656 2801 se
695 2747 962 2816 quamvis
989 2756 1234 2804 mortem
1284 2763 1491 2817 corpus
1534 2750 1827 2816 interimit,
1870 2752 1952 2807 sic
1997 2754 2075 2808 ab

449 2834 553 2889 pro
577 2820 711 2888 Jesu
750 2818 956 2874 Christi
996 2820 1106 2875 fide
1146 2837 1236 2876 su·
1285 2819 1481 2873 ambre
1545 2837 1732 2876 rerum
1798 2822 2071 2893 corpora-

447 2888 718 2953 bituram,
750 2890 1062 2960 respendit.
1284 2891 1418 2945 lium
1464 2893 1703 2948 aeternae
1746 2894 1885 2949 vitae
1926 2894 2070 2950 cdri-

485 2959 567 3015 ἦ.
622 2961 860 3030 Propter
905 2961 1229 3029 veritatem,
1282 2970 1371 3017 tas
1396 2963 1690 3019 occiditur.
1719 2966 1865 3019 Nam
1896 2982 2070 3036 quem

449 3038 507 3086 et
535 3032 1046 3098 mansuetudinem,
1069 3042 1127 3089 et
1147 3036 1233 3104 ju·
1284 3035 1535 3104 perfecte
1581 3035 1953 3104 absorbuerit,
1995 3037 2072 3092 ad

449 3102 662 3157 stitiam
698 3106 772 3158 2*
799 3106 870 3159 Et
905 3105 1151 3160 deducet
1177 3114 1233 3161 te
1281 3106 1510 3161 terrena
1579 3107 1717 3162 foris
1784 3108 2071 3164 desideria

452 3174 784 3229 mirabiliter
823 3176 1063 3231 dextera
1106 3185 1226 3234 tua.
1281 3179 1437 3233 velut
1456 3178 1833 3234 insensibilem
1856 3180 2064 3236 reddit.

451 3244 521 3300 x),
550 3246 752 3315 Specie
778 3254 880 3302 tua
906 3256 963 3303 et
989 3249 1234 3319 pulchri·
1283 3251 1399 3304 Nec
1451 3250 1601 3305 enim
1653 3251 1869 3305 Sancta
1918 3251 2066 3318 haec,

1537 2553 1650 2591 lem
1673 2537 1882 2592 dicitur
1902 2558 1915 2593 ε
1938 2539 2075 2594 For·
2127 2557 2131 2579 ¹

2126 2591 2131 2781 ἓ
