2250 3810
99 2286 104 2327 1

536 366 647 405 DIE
674 369 742 406 20
771 367 945 406 FEBR.
977 383 1043 391 --
1071 365 1115 405 S.
1148 365 1434 407 MACARH.

1730 369 1787 424 51

171 475 391 530 tudinis
447 483 637 545 gustu.
690 475 961 545 Apprime
1010 476 1166 545 fidei,
1194 484 1251 530 et
1287 474 1515 530 ornavit
1541 492 1690 532 eum.
1723 510 1793 517 —

173 548 304 601 Deo
369 561 555 611 caruS,
615 546 963 602 admirabilis
1012 549 1085 601 Et
1109 547 1185 601 ad
1213 554 1421 617 portas,

171 618 317 673 vitae
343 632 580 672 cursum.
606 618 962 672 sanctissime

171 689 448 744 confecit.

1247 618 1455 676 Dtttin
1474 624 1551 685 bj.

1011 690 1096 743 Ex
1117 690 1261 744 libro
1286 690 1589 745 Moralium
1608 691 1791 745 sancti

210 759 294 817 22.
309 759 629 814 Honestum
649 760 785 815 fecit
802 759 959 816 illum
1044 761 1305 831 Gregdrii
1327 763 1521 831 Papae.
1546 761 1674 817 Lib.
1706 781 1784 818 ιο.

170 831 477 895 Βόῐῐιίηιις,
531 837 590 884 et
651 831 959 887 custodivit
1041 838 1159 904 cap.
1175 851 1260 886 xv
1276 835 1301 886 '.
1317 836 1380 887 in
1396 840 1514 904 cap.
1532 837 1642 901 xij.
1655 835 1782 903 Job.

170 918 310 957 eum
337 902 413 957 ab
436 901 698 967 inimicis,
729 909 787 957 et
813 919 848 957 a
875 919 959 957 se·

169 972 508 1028 ductdribus
527 972 741 1028 tutAvit
759 974 918 1028 illum
946 994 958 1028 ε

1014 901 1222 1038 DEri
1267 903 1394 957 etur
1413 904 1551 973 justi
1576 904 1787 974 simpli-

1151 974 1307 1028 citaS.
1364 975 1547 1044 Hujus
1593 976 1789 1030 mundi

167 1046 206 1080 ¹¹¹·
237 1046 310 1098 Et
334 1044 496 1099 dedit
519 1043 598 1097 illi
638 1044 958 1099 claritatem
1005 1044 1290 1114 sapientia
1316 1053 1418 1111 est,
1450 1061 1549 1100 cor
1576 1047 1787 1100 machi-

167 1115 474 1170 aeternam.
507 1114 578 1169 v.
604 1116 832 1185 Justum
860 1115 1337 1171 de-·natidnibus
1390 1116 1607 1186 tegere,
1661 1133 1785 1172 sen-

167 1186 338 1241 duxit
379 1186 658 1240 deinus
698 1204 801 1257 per
835 1188 960 1242 vias
1006 1203 1132 1240 sum
1174 1186 1361 1242 verbis
1400 1188 1616 1254 velas&
1652 1204 1786 1258 quae

169 1266 377 1322 reetaS,
408 1264 466 1311 et
491 1258 745 1312 ostendit
769 1258 845 1312 illi
874 1274 955 1312 re·
1007 1257 1155 1312 falsa
1181 1266 1330 1323 sunt,
1361 1274 1497 1313 vera
1525 1260 1787 1315 ostende-

167 1344 353 1399 gnum
377 1328 497 1384 Dei.
518 1360 587 1369 -
608 1329 681 1384 Et
706 1330 879 1384 dedit.

420 1396 629 1458 Uettio
654 1407 714 1456 b.

275 1470 463 1540 Orpus
489 1471 673 1526 sancti
715 1471 956 1526 Macarii

299 1543 454 1611 quod
530 1541 840 1597 Placentiae
898 1543 952 1596 in

166 1612 300 1667 aede
326 1613 510 1667 sancti
551 1612 721 1684 Xysti
760 1612 955 1669 cdndi-

167 1691 294 1737 tum
341 1700 377 1738 a
420 1684 643 1739 saeculis
688 1685 956 1754 conquie-

169 1754 295 1819 scit,
363 1771 479 1809 una
541 1771 672 1809 cum
737 1755 956 1811 dssibus

168 1826 355 1880 sancti
394 1825 666 1880 Germdni
692 1826 956 1897 Capudni

171 1895 462 1967 Episcopi,
512 1915 547 1952 a
588 1896 816 1969 Joz'lnne
845 1899 954 1954 Ba-

168 1968 349 2038 ptista
376 1968 645 2023 Antistite
673 1971 778 2024 rite
799 1969 954 2024 reed-

169 2038 396 2110 gnitum
424 2047 510 2094 est
536 2056 693 2095 anno
731 2041 954 2095 millesi-

171 2111 958 2181 mooctingentesimooctua-

170 2181 393 2251 gesimo
454 2184 724 2251 secunde,
784 2192 842 2238 et
898 2185 952 2237 in

171 2267 308 2307 arca
334 2268 505 2336 super
528 2253 727 2308 edi-um
767 2254 953 2309 altare

99 2340 106 2393 ξ
169 2323 568 2393 οοητρόειῒυῐῃ.
600 2325 734 2394 Ejus
760 2332 950 2380 autem

99 2464 104 2475 s

99 2480 104 2489 t

97 2628 104 2907 w-—q-...m
99 2614 104 2621 c

99 2454 104 2461 ¹
171 2394 468 2462 memoria,

573 2412 665 2450 uae
742 2404 953 2465 quarto

171 2467 370 2519 Nonas
385 2466 641 2536 Januarii
665 2467 948 2533 recolitur,

171 2552 241 2590 ex
263 2537 554 2591 sacrdrum
577 2537 785 2592 rituum
805 2539 952 2594 Con-

168 2606 527 2677 gregatidnis
584 2609 807 2664 indulto
858 2610 950 2664 die

168 2678 451 2748 vigesima
482 2681 522 2732 F
525 2680 769 2734 ebrudrii
787 2686 953 2749 quot·

171 2749 339 2831 annis
365 2766 399 2803 a
427 2751 770 2805 Placentinis
792 2751 950 2821 perd-

230 2827 334 2874 tur.
601 2836 624 2847 ··

166 2836 288 2946 gln.
317 2891 558 2947 Amavit
585 2909 713 2946 eum
757 2892 952 2947 1)όωί-

167 2979 290 3030 nus,
311 2972 364 3016 et
396 2963 627 3018 ornavit
653 2979 805 3029 eum,
837 2972 952 3018 sto-

165 3035 277 3088 lam
324 3033 529 3104 gldriae
566 3035 749 3089 induit
775 3052 902 3090 eum
939 3056 951 3090 :

163 3107 199 3141 ὕ
237 3107 310 3159 Et
348 3106 425 3160 ad
465 3112 660 3175 portas
700 3106 948 3176 paradisi

1007 1345 1089 1395 re;
1127 1345 1260 1398 quae
1293 1345 1432 1385 vera
1457 1339 1606 1395 sunt,
1639 1331 1788 1387 falsa

1006 1401 1418 1456 demonstrate.
1457 1403 1602 1457 Haec
1628 1402 1788 1457 nimi-

1006 1487 1130 1532 rum
1160 1472 1465 1541 prudentia
1504 1489 1606 1528 usu
1644 1490 1680 1527 a
1701 1475 1788 1542 ju·

1005 1541 1244 1597 venibus
1305 1543 1495 1607 scitur,
1563 1545 1689 1598 haec
1753 1561 1789 1598 a

1006 1612 1195 1683 pueris
1247 1614 1433 1683 pretio
1493 1614 1731 1668 discitur
1775 1635 1788 1669 ε

1004 1685 1154 1738 hanc
1193 1685 1290 1753 qui
1332 1685 1535 1750 sciunt,
1567 1686 1788 1740 ceteros

1003 1755 1372 1825 despiciendo
1407 1756 1743 1826 superbiunt
1774 1778 1786 1812 :

1004 1828 1154 1881 hanc
1181 1827 1277 1896 qui
1302 1827 1578 1893 nesciunt,
1603 1828 1786 1899 subje-

1004 1898 1080 1954 cti
1107 1907 1166 1956 et
1198 1897 1384 1955 timidi
1426 1898 1481 1952 in
1514 1897 1642 1954 aliis
1684 1899 1786 1954 mi-

1004 1969 1206 2025 rdntur
1239 1990 1251 2025 z
1277 1970 1412 2040 quia
1452 1971 1526 2029 ab
1552 1971 1633 2025 eis
1658 1971 1785 2026 haec

1004 2041 1209 2096 eadem
1273 2040 1626 2112 duplicitatis
1688 2041 1785 2096 ini-

1002 2112 1193 2182 quitas
1261 2113 1492 2167 nemine
1546 2111 1785 2183 palliata

1003 2183 1277 2253 diligitur,
1353 2185 1486 2239 dum
1563 2185 1787 2239 mentis

1003 2254 1346 2324 perversitas
1372 2254 1666 2310 urbdn'itas
1686 2272 1785 2309 vo-

1002 2324 1179 2380 catur.
1196 2327 1340 2381 Haec
1350 2326 1453 2380 sibi
1471 2326 1785 2412 obsequen-

1002 2395 1149 2451 tibus
1187 2395 1452 2466 praecipit
1479 2397 1781 2455 „honorum

1000 2466 1250 2521 culmina
1278 2483 1552 2536 quaerere,
1571 2468 1784 2537 ade'pta

999 2538 1334 2608 temporalis
1380 2537 1584 2608 gldriae
1624 2539 1783 2593 vani·

1001 2609 1124 2664 tzite
1185 2609 1462 2680 gaudere,
1527 2609 1640 2664 irro
1686 2608 1787 2665 hta

1002 2681 1076 2734 ab
1097 2681 1224 2734 siliis
1247 2682 1399 2735 mala
1418 2681 1641 2752 multipl
1666 2682 1785 2736 cius

1002 2751 1241 2805 reddere
1277 2772 1288 2806 :
1317 2768 1446 2806 cum
1482 2752 1629 2807 vires
1654 2752 1784 2823 sup-

1002 2830 1216 2892 petunt,
1267 2824 1434 2877 nullis
1477 2824 1784 2879 resistenti-

1000 2894 1102 2947 bus
1128 2894 1330 2948 cedere
1366 2913 1377 2947 ε
1405 2909 1531 2947 cum
1562 2894 1785 2950 virtutis

1001 2964 1347 3034 possibilitas
1405 2965 1580 3031 deest,
1622 2966 1784 3033 quid-

1000 3035 1781 3105 quidexplerepermalitiam

1002 3123 1116 3160 non
1148 3107 1359 3170 valent,
1393 3109 1501 3161 hoc
1528 3106 1584 3160 in
1626 3107 1782 3176 paci-

162 3176 468 3231 coronavit
486 3193 635 3232 eum.
667 3178 734 3232 Χ).
762 3178 953 3232 Induit
1000 3178 1108 3232 fica
1138 3177 1394 3232 bonitate
1421 3177 1704 3232 simulate.

169 3263 303 3302 eum
369 3247 650 3302 deinus

711 3250 945 3303 loricam
1037 3250 1119 3303 R.
1156 3251 1267 3302 Iste
1294 3249 1485 3304 home.
