2250 3810
439 356 505 411 54
783 353 1257 394 KALENDARIUM
1287 353 1692 394 PERPETUUM.

436 492 494 534 27
556 478 831 584 sgoannis
854 478 945 535 Ap.
974 486 1021 522 et
1048 478 1153 528 Ev..
1183 477 1312 536 dupl.
1337 477 1390 535 ij.
1416 479 1552 522 class.
1581 488 1690 520 cum
1723 472 1833 519 061.
1875 472 2062 517 Comm.

437 598 494 641 28
556 598 639 642 SS.
662 537 1004 642 {lanvgcrgmmm
1030 597 1195 648 Mart„
1218 593 1349 655 dupl.
1375 596 1425 653 ij.
1454 597 1587 639 class.
1609 606 1717 639 cum
1737 591 1845 637 061.
1876 591 2061 637 Comm.

557 717 603 762 S.
616 656 837 761 9133va
851 717 1147 763 Cantuarien
1166 717 1253 772 Ep.
1280 715 1443 766 Mart..
1467 714 1597 772 dupl.
1627 714 1800 757 Comm.
1824 709 2060 757 Odkavar.

559 777 633 820 De
657 776 801 820 Dom.
829 776 952 820 infra
975 775 1230 824 Od'tavam.
1258 775 1506 831 semidupl.
1543 774 1713 818 Comm.
1743 769 1975 816 Oe‘kavar.

556 836 602 881 S.
632 836 845 881 Silvestri
872 836 911 882 1.
943 836 1055 892 Pap.
1086 834 1246 886 Cous..
1275 835 1409 893 dupl.
1443 835 1616 878 Comm.
1645 830 1869 876 Otstavar.

971 961 974 964 >
1047 923 1438 984 JANUARIUS.

558 1004 872 1049 Circumcisio
897 1005 955 1049 D.
989 1005 1049 1049 N.
1072 1006 1115 1066 J.
1151 1005 1224 1054 C..
1252 1004 1375 1061 dupl.
1402 1003 1444 1060 ἦ
1462 1004 1605 1046 class.

557 1063 745 1109 oetava
766 1063 812 1108 S.
842 1064 1074 1121 Stephani
1099 1065 1323 1113 Protom„
1352 1063 1482 1118 dupl.
1512 1061 1683 1106 Comm.
1716 1059 2035 1103 Odiavarum.

557 1122 744 1168 Odiava
764 1123 810 1168 S.
839 1123 1038 1180 Joannis
1060 1125 1151 1180 Ap.
1180 1133 1226 1167 et
1248 1123 1350 1172 Ev..
1374 1122 1503 1179 dupl.
1530 1121 1701 1164 Comm.
1730 1119 1931 1163 Odiavoe.

558 1181 745 1227 oetava
767 1183 848 1226 SS.
882 1182 1216 1227 Innocentium
1246 1182 1531 1239 Martyrum,
1559 1181 1691 1238 dupl.

558 1240 735 1297 Vigilia
757 1241 1059 1298 Epiphaniae,
1090 1241 1339 1297 semidupl.
1369 1240 1522 1297 (Nihil
1547 1240 1608 1284 de
1640 1239 1685 1283 S.
1715 1238 2066 1296 Telesphoro.)

561 1300 839 1358 Epiphania
863 1301 922 1346 D.
953 1301 1012 1346 N.
1042 1302 1080 1359 J.
1112 1301 1304 1350 Christi,
1333 1300 1462 1359 dupl.
1482 1300 1522 1358 j.
1552 1300 1685 1343 class.
1715 1311 1824 1343 cum
1849 1297 2059 1343 Oe‘tava.

559 1360 633 1403 De
651 1359 851 1410 Od’tava,
878 1361 1128 1419 semidupl.

560 1420 633 1463 De
655 1418 858 1471 Oaetava,
883 1420 1132 1480 semidupl.

560 1479 634 1522 De
657 1477 860 1530 Octava.
891 1481 1142 1539 semidupl.

441 1552 497 1584 10
559 1538 635 1582 De
656 1537 855 1591 OCtava,
884 1539 1132 1597 semidupl.

441 1612 492 1643 11
559 1597 635 1642 De
658 1597 861 1649 oetava,
886 1599 1135 1658 semidupl.

442 1672 496 1703 12
559 1658 635 1701 De
657 1656 859 1709 oetava,
887 1673 970 1703 seu
994 1660 1055 1703 de
1081 1660 1222 1703 Dom.
1252 1659 1374 1703 infra
1397 1657 1526 1707 Οόὶ..
1554 1657 1801 1715 semidupl.

441 1731 495 1774 13
556 1717 745 1763 Odiava
769 1718 943 1775 Epiph.
975 1719 1033 1764 D.
1066 1719 1127 1763 N.
1156 1719 1194 1775 J.
1226 1718 1418 1767 Christi.
1446 1717 1577 1776 dupl.

441 1791 496 1832 14
557 1777 603 1822 S.
635 1777 805 1821 Hilarii
832 1778 920 1834 Ep.
954 1778 1092 1824 Conf.
1122 1788 1169 1822 et
1194 1777 1335 1822 Doeh
1363 1778 1496 1834 clupl.
1524 1779 1698 1822 Comm.
1718 1776 1766 1819 S.
1793 1775 1963 1819 Felicis
1984 1775 2060 1821 M.

440 1848 495 1893 15
556 1836 603 1882 S.
636 1837 767 1882 Pauli
792 1837 929 1895 primi
957 1839 1118 1882 Erem.
1142 1839 1272 1895 dupl.
1307 1839 1478 1883 Comm.
1509 1837 1552 1881 S.
1581 1836 1738 1880 Mauri
1763 1835 1887 1879 Abb.

441 1894 523 1942 16*
556 1896 605 1941 S.
634 1896 847 1942 Marcelli
875 1898 988 1954 Pap.
1015 1898 1178 1950 Mart..
1207 1898 1336 1956 dupl.

441 1970 496 2012 17
558 1957 608 2002 S.
634 1957 832 2002 Antonii
858 1958 1003 2008 Abb..
1032 1959 1161 2016 dupl.

442 2018 496 2060 18
560 2017 806 2061 Cathedra
847 2017 894 2062 S.
949 2018 1071 2062 Petri
1113 2019 1206 2075 Ap.
1260 2018 1444 2066 Romae.
1503 2016 1634 2072 dupl.
1697 2015 1807 2070 maj.
1875 2015 2062 2059 Comm.

615 2076 662 2119 S.
694 2076 826 2119 Pauli
851 2077 1017 2133 Apost.
1047 2086 1094 2122 et
1112 2078 1158 2122 S.
1192 2079 1368 2122 Priscae
1393 2077 1522 2133 Virg.
1553 2083 1599 2119 et
1626 2076 1770 2119 Mart.
1799 2088 1813 2096 ‘

443 2149 498 2193 19
560 2134 811 2239 SSCamllsli
839 2135 1001 2187 Mart..
1030 2138 1192 2181 semid.
1223 2139 1289 2181 acl
1318 2138 1442 2181 libit.
1488 2137 1659 2179 Comm.
1700 2134 1784 2179 SS.
1828 2133 1969 2179 Marii
2009 2143 2065 2179 et

652 2208 723 2239 oc.
813 2204 901 2241 art.

437 2268 497 2299 20
557 2254 638 2300 SS.
671 2254 868 2300 Fabiani
895 2256 930 2300 Ι.
963 2257 1076 2314 Pap.
1105 2265 1151 2301 et
1174 2256 1442 2301 Sebastiani
1469 2256 1632 2304 Mart..
1663 2254 1789 2311 dvpl.

437 2326 491 2358 21
557 2314 603 2359 S.
632 2316 831 2372 Agnetis
859 2315 990 2372 Virg.
1018 2324 1064 2360 et
1090 2317 1254 2367 Mart..
1283 2317 1410 2372 dupl.

437 2386 494 2418 22
556 2373 637 2419 SS.
673 2375 904 2419 Vincentii
928 2385 974 2419 et
996 2376 1236 2420 Anastasii
1266 2376 1430 2427 Mart„
1455 2375 1702 2430 semidupl.

438 2433 522 2490 23*
559 2434 883 2492 Desponsatio
910 2435 957 2478 Β.
990 2435 1163 2479 Mariae
1188 2435 1342 2492 Viag..
1367 2434 1496 2491 dupl.
1534 2434 1645 2488 maj.
1689 2433 1864 2477 Comm.
1892 2433 1937 2477 S.
1975 2432 2066 2489 Jo-

615 2494 749 2550 seph,
777 2502 824 2538 et
847 2494 895 2538 S.
925 2494 1281 2539 Emerentianae
1306 2495 1432 2550 Virg.
1468 2502 1515 2552 e}
1541 2493 1685 2537 Mart.

438 2567 497 2609 24
557 2554 605 2598 S.
635 2553 878 2598 Timothei
906 2554 992 2609 Ep.
1030 2556 1173 2599 Mart.
1221 2555 1351 2610 dupl.
1444 2599 1463 2606 .,

439 2625 496 2671 25
560 2612 822 2657 Conversio
846 2614 892 2681 S.
925 2613 1058 2657 Pauli
1081 2615 1195 2670 Ap..
1222 2614 1350 2670 dupl.
1375 2612 1508 2670 maj..
1535 2613 1707 2655 Cotum.
1732 2613 1780 2656 S.
1811 2612 1934 2656 Petri
1956 2612 2058 2668 Ap.

440 2673 527 2786 33*
560 2672 892 2777 Sspx‘32fflffi
919 2673 1452 2790 ffpssssss.¹*2:³0¹ss·fs‚d55ssz

441 2791 527 2835 28*
560 2790 607 2835 S.
630 2791 837 2851 Joannis
880 2792 1209 2850 Chrysostomi
1258 2794 1343 2846 Ep.
1395 2792 1545 2846 Cous.
1595 2801 1641 2837 et
1696 2791 1862 2847 Dea,
1916 2791 2055 2848 dupl.

619 2851 816 2908 (assign.
843 2865 900 2896 ex
922 2853 1048 2909 heri)
1076 2853 1250 2896 Comm.
1280 2853 1325 2896 S.
1356 2853 1572 2909 Agnetis.
1600 2853 1813 2896 secundo.

440 2923 498 2967 29
560 2909 605 2954 S.
637 2910 875 2956 Francisci
900 2912 1064 2956 Salesii
1091 2913 1181 2970 Ep.
1212 2911 1350 2967 Cpnf.
1379 2921 1425 2955 et
1451 2911 1614 2962 Dodk..
1640 2912 1771 2970 ‹lapL

439 2968 526 3026 30*
561 2969 608 3015 S.
639 2969 807 3015 Felicis
833 2971 909 3015 IV.
946 2972 1057 3028 Pap.
1087 2971 1252 3024 Confi,
1278 2973 1408 3027 dupl.
1629 2974 1633 2978 '

439 3041 494 3085 31
559 3029 606 3074 S.
640 3030 765 3074 Petri
796 3031 1010 3075 Nolasco
1034 3031 1197 3086 Confi,
1223 3032 1352 3088 dnpl.

437 731 497 893 ‘2²88

466 1374 496 1537 voooxx
441 1019 497 1344 αυιᾼωιόμ

973 3120 1013 3168 F
1017 3120 1195 3168 ESTA
1233 3118 1531 3171 MOBILIA.

560 3199 702 3243 Dom.
736 3199 796 3243 11.
827 3206 937 3254 post
962 3198 1138 3255 Epiph.
1167 3199 1248 3242 SS.
1278 3197 1498 3242 Nominis
1521 3199 1649 3255 Jesu,
1685 3199 1812 3257 dupl.
1842 3195 2047 3254 ejclass.

621 3259 789 3303 Comm.
818 3257 1010 3302 Domin.
