2250 3810
490 330 559 385 50
608 327 719 367 Dm
752 332 772 367 1
803 326 998 377 JUNu.
1031 345 1098 351 —
1128 326 1448 367 Pumssml
1475 324 1705 367 cossms
1737 324 1790 366 Β.
1828 324 1894 364 Μ.
1925 323 1981 365 v.

489 451 589 490 cor
628 451 819 490 meum
860 438 897 471 *¹*
946 435 1025 489 Ut
1068 434 1273 488 timeat
1321 441 1407 489 est
1432 434 1668 489 dilectus
1705 441 1838 488 tuus
1863 448 1935 486 ex
1975 432 2112 486 dile-

491 522 699 561 nomen
774 513 952 569 tuum,
1019 505 1265 560 alleluia.
1321 513 1436 570 etc,
1495 505 1627 575 quia
1688 505 1769 558 sie
1832 503 2109 573 adjurasti

491 578 565 632 w.
600 578 755 631 Pone
793 592 884 630 me
912 584 973 630 ut
1009 575 1274 645 signacu-
1325 578 1464 630 nos?
1495 575 1748 630 Dilectus
1789 590 1952 627 meus
1979 573 2113 628 can-

489 650 608 704 lum
648 663 817 718 super
852 663 951 701 cor
989 655 1169 711 tuum,
1213 654 1276 702 ut
1323 647 1488 702 didus
1512 655 1569 700 et
1603 644 1971 709 rubicunduS‚
2006 645 2115 699 ele-

490 717 844 789 signaculum
920 734 1089 786 super
1147 717 1276 772 bra·
1322 725 1446 772 etus
1505 733 1575 771 ex
1639 716 1905 780 minibus,
1960 722 2116 770 totus

490 790 679 844 chium
698 789 1268 843 tuum.—-Uttimeat.
1323 787 1723 843 desiderabilis,
1745 787 1905 840 Talis
1922 795 2012 841 est
2037 787 2118 840 di-

727 857 935 918 Ezttnu
966 865 1031 917 iv.
1324 859 1503 913 lectus
1546 874 1721 928 meuS,
1766 865 1825 911 et
1863 858 1988 927 ipse
2033 865 2117 911 est

607 930 709 983 Eni
733 930 789 984 in
811 931 1038 984 hortum
1060 946 1270 993 meum,
1325 929 1541 984 amicus
1578 945 1753 995 meus,
1783 927 1926 983 fstiae
1951 927 2117 998 Jeru-

627 1016 788 1055 soror
831 1017 960 1055 mea
1002 1016 1212 1070 sponsa
1262 1020 1274 1054 :
1324 1001 1516 1055 salem.
1546 1001 1676 1070 Quo
1703 1000 1845 1054 abiit
1873 999 2118 1054 dilectus

493 1071 700 1126 messui
751 1072 1042 1143 myrrham
1087 1087 1274 1125 meam
1322 1080 1472 1137 tuuS,
1503 1087 1538 1125 o
1565 1069 1955 1140 pulcherrima
1998 1086 2117 1124 mu-

492 1159 623 1198 cum
640 1142 993 1197 aromatibus
1011 1142 1275 1204 meiS‚co-
1323 1141 1564 1196 lierum?
1615 1142 1746 1211 Quo
1798 1140 2118 1195 declinavit
2166 1177 2169 1218 Ι

495 1214 644 1268 medi
690 1213 889 1267 favum
934 1229 1063 1267 cum
1109 1213 1275 1266 melle
1324 1213 1561 1268 dilectus
1597 1214 1767 1266 tuus?
1794 1221 1852 1265 et
1892 1213 2119 1281 quaere·
2164 1223 2170 1306 Ι

496 1300 641 1338 meo,
667 1285 795 1337 Vox
816 1283 1005 1338 dilecti
1028 1283 1139 1337 mei
1156 1284 1277 1353 pul·
1326 1300 1450 1338 mus
1469 1299 1600 1337 eum
1626 1291 1837 1337 tecum.
1867 1283 2119 1337 Pulchra
2166 1309 2169 1358 ς

493 1353 671 1408 santis
705 1374 718 1409 :
757 1353 915 1424 aperi
943 1354 1079 1409 mihi
1116 1369 1280 1408 soror
1324 1371 1401 1419 eS,
1432 1354 1620 1409 amica
1661 1370 1806 1421 mea,
1839 1352 2043 1408 suavis
2066 1362 2121 1407 et

495 1441 642 1489 mea,
674 1424 862 1479 amica
891 1441 1038 1490 mea,
1063 1424 1278 1479 colum·
1325 1425 1535 1480 decdra
1583 1424 1728 1479 sicut
1769 1423 2117 1494 Jerusalem,

436 1459 443 1554 Ι
494 1495 1274 1561 bamea,immaculatamea,
1325 1491 1588 1551 terribilis
1661 1501 1723 1549 ut
1796 1495 2121 1549 castrdrum
2168 1471 2173 1584 Ι

436 1561 443 1598 ¹
496 1567 821 1636 quiacaput
842 1583 1030 1621 meum
1048 1568 1280 1636 plenum
1329 1564 1482 1620 acies
1524 1564 1808 1621 ordinata.
1859 1565 2000 1620 Una
2041 1575 2125 1620 est

501 1645 584 1692 est
621 1653 767 1702 rore,
798 1644 857 1692 et
893 1637 1138 1692 cincinni
1168 1637 1278 1691 mei
1329 1636 1590 1691 columba
1665 1652 1794 1690 mea
1858 1636 2124 1705 perfecta

499 1708 678 1779 guttis
729 1708 999 1762 uectium.
1050 1708 1281 1762 Surrexi
1332 1723 1616 1774 mea3una
1641 1714 1728 1762 est
1750 1707 1957 1762 matris
1984 1723 2127 1773 suae,
2170 1699 2174 1794 ξ

500 1787 563 1833 ut
588 1778 871 1848 aperirem
892 1779 1101 1833 dilecto
1128 1794 1276 1844 mec,
1329 1779 1514 1833 electa
1548 1777 1812 1849 genitrici
1843 1794 1992 1833 suae.
2028 1779 2126 1832 vi·
2170 1815 2173 1824 ·

501 1865 703 1905 manus
740 1865 888 1905 meae
924 1850 1284 1905 stillaverunt
1330 1849 1536 1905 derunt
1561 1865 1690 1904 eam
1715 1849 1875 1917 filiae,
1901 1855 1965 1903 et
1991 1849 2128 1904 bea·

501 1922 813 1993 myrrham,
862 1929 919 1976 et
961 1921 1124 1992 digiti
1172 1922 1281 1975 mei
1329 1921 1604 1976 tissimam
1626 1920 2121 1991 praedicaverunt,
2172 1936 2175 1995 5

499 1993 651 2062 pleni
689 2009 741 2046 m
788 1993 921 2046 rrha
959 1992 1281 2062 probatissi-
1330 1999 1388 2046 et
1450 1992 1667 2062 reginae
1734 1992 2131 2048 laudaverunt
2172 2008 2175 2019 ·

501 2079 612 2117 ma.
645 2064 738 2132 Ap
776 2062 860 2116 rui
895 2063 1102 2118 dilecto
1131 2080 1279 2129 mec,
1330 2080 1480 2118 eam.

499 2132 672 2188 atille
699 2132 1090 2188 declinaverat
1109 2141 1283 2204 atque
1366 2132 1448 2189 232.
1473 2133 1672 2188 Inveni
1693 2132 1952 2204 gratiam
1972 2136 2131 2206 apud
2210 2132 2211 2139 ’

498 2202 820 2258 transierat.
844 2204 1059 2260 Anima
1078 2221 1206 2260 mea
1221 2205 1285 2260 li·
1331 2204 1526 2260 &culos
1561 2212 1706 2270 tum,
1734 2202 1998 2260 D6mine'
2030 2206 2127 2267 mi,

500 2274 1280 2345 quefactaestmtlocutusest.
1330 2279 1366 2313 '¹‘
1383 2273 1832 2346 Quiconsolatus
1849 2291 1912 2329 es
1942 2292 2061 2341 me,
2076 2287 2130 2331 et

536 2344 618 2400 22.
646 2346 711 2400 In
731 2346 980 2401 Demino
995 2347 1283 2417 gaudebo,
1332 2346 1554 2401 locutus
1578 2362 1637 2400 es
1662 2346 1738 2401 ad
1766 2362 1871 2400 cor
1895 2349 2131 2402 ancillae

447 2484 450 2485 ⁷
500 2425 557 2472 et
595 2416 865 2472 exultabo
891 2417 947 2471 in
988 2418 1111 2471 Deo
1149 2418 1283 2488 Jesu
1333 2425 1470 2482 tuae,
1501 2417 1749 2472 alleluia.
1782 2416 1858 2473 Χ).
1892 2418 1965 2472 In
2006 2427 2131 2473 toto

501 2504 632 2543 meo
661 2489 856 2542 :Deus
876 2488 1159 2543 Deminus
1179 2488 1279 2543 for·
1332 2488 1505 2542 corde
1547 2503 1676 2542 meo
1719 2487 2015 2557 exquisivi
2052 2498 2128 2554 te,

502 2558 690 2613 titudo
729 2575 878 2623 mea,
907 2560 943 2594 ³⁶
968 2560 1152 2628 Super
1188 2575 1285 2613 ex·
1335 2575 1407 2613 ne
1433 2559 1676 2628 repellas
1702 2574 1794 2613 me
1823 2575 1860 2613 a
1886 2561 2132 2615 manda-

502 2629 652 2684 celsa
704 2628 949 2684 deducet
993 2646 1103 2695 me,
1150 2632 1283 2685 alle·
1331 2630 1403 2684 tis
1422 2630 1622 2684 tuis.—
1637 2629 1751 2699 Qui
1769 2630 2125 2686 consolatus,

499 2698 633 2755 luia.
682 2698 752 2754 Χ).
801 2701 977 2755 Laeva
1021 2700 1141 2770 ejus
1183 2703 1286 2757 sub
1333 2701 1546 2756 Gleria.
1577 2701 1689 2770 Qui
1727 2701 2086 2757 consolatus

501 2768 690 2839 capite
740 2786 888 2836 mec,
942 2778 1000 2825 et
1048 2771 1287 2827 dextera
1474 2779 1539 2828 In
1565 2778 1640 2830 11.
1672 2777 1994 2830 Noctumo.

503 2840 649 2895 illius
697 2840 1120 2910 amplexabitur
1170 2860 1277 2898 me.
1366 2845 1522 2898 Αῆα.
1553 2842 1752 2910 Beata,
1778 2859 1912 2914 quae
1954 2846 2131 2900 credi·

503 2944 567 2951 —
590 2912 812 2982 Super..
1334 2912 1480 2979 disti,
1513 2914 1786 2984 queniam
1827 2915 2130 2984 perficien-

735 2987 937 3040 hettin
968 2987 1053 3045 iii.
1335 2992 1428 3039 tur
1475 3001 1565 3048 ea,
1613 3000 1747 3054 quae
1790 2985 1959 3041 dicta
2005 2994 2129 3041 sunt

610 3054 770 3109 Ualis
790 3060 875 3108 est
901 3054 1141 3109 dilectus
1157 3061 1288 3109 tuus
1334 3055 1434 3110 tibi
1462 3072 1498 3110 a
1526 3055 1793 3123 Βόιηίηο,
1832 3057 2090 3113 alleluia.

631 3140 702 3178 ex
722 3123 949 3188 dilecte,
975 3125 1288 3194 opulcher·
1375 3126 1443 3181 3³,
1489 3126 1671 3180 Fortis
1720 3135 1807 3181 est
1861 3134 1926 3181 ut
1984 3144 2131 3183 mors

448 3202 455 3337 1
504 3193 649 3247 rima
700 3194 995 3249 mulierum
1046 3216 1057 3249 :
1103 3196 1288 3264 qualis
1336 3196 1583 3265 dilectiO,
1601 3196 1953 3253 alleluiam.
1973 3200 2128 3254 Dura
