2250 3810
464 467 760 541 portandis
811 465 1004 520 Brixia
1069 465 1255 518 Vene-
1307 464 1568 535 Episcopi
1614 461 1863 533 ejusdem
1915 462 2090 531 urbis,

463 540 574 595 tias
634 537 966 593 eorumdem
1018 535 1255 592 Sancte·
1304 536 1462 606 cujus
1487 535 1663 605 opera
1690 542 1748 588 et
1772 533 1961 588 studio
2006 534 2092 589 bi-

466 626 592 666 rum
642 608 994 679 corperibu83
1047 606 1253 662 deinde
1304 623 1397 662 nae
1440 606 1700 676 epistolae
1738 605 1854 660 illae
1889 605 2095 660 inven-

463 698 601 737 vero
650 680 858 736 fureris
895 679 1041 732 illius
1078 694 1253 733 causa
1300 686 1396 748 tae‚
1424 685 1481 732 et
1507 676 1736 746 publica
1780 676 1956 730 etiam
2002 678 2091 731 lu-

462 753 617 808 hisce
655 751 844 806 verbis
880 749 1188 819 exponitur
1240 768 1252 803 :
1301 765 1366 804 ce
1392 747 1627 804 donatae
1653 747 1902 802 fuerunt.

462 837 494 882 ‹
521 823 806 878 Memores
823 828 974 886 sunt,
998 836 1125 875 cum
1149 820 1250 874 cir·
1335 819 1419 875 Β..
1452 820 1795 888 Tamquam.

406 279 414 751 Ι
465 346 546 400 44
589 344 698 384 DIE
735 343 800 402 15
838 343 1013 383 FEBR.
1046 359 1124 367 —
1157 341 1235 382 SS.
1274 340 1566 382 FAUSTINI
1600 339 1677 380 ET
1708 339 1962 390 JOVITAE.

462 893 813 956 cumvallati,
858 891 1057 947 inclusi
1093 891 1249 945 fame
1432 896 1622 948 1n1-11.
1646 893 1950 945 Nocturno.

407 965 414 997 ·'
460 963 808 1030 laborarent,
840 963 1039 1018 ultima
1076 977 1248 1032 expe·
1302 963 1494 1018 Lectio
1544 960 1729 1016 sancti
1782 956 2089 1028 Evangelii

311 1053 315 1057 ’
462 1036 709 1092 rirentur
768 1033 1041 1104 pericula,
1095 1033 1249 1087 visos
1399 1032 1713 1089 seci'mdum
1741 1031 1973 1084 Lucam.

461 1109 536 1163 ab
563 1107 818 1162 hostibus
851 1104 1093 1159 Tutores
1118 1120 1247 1158 san·
1296 1103 1501 1151 Tne-rin
1524 1108 1628 1170 nii.
1752 1105 1833 1157 Ca
1875 1145 1886 1156 .
1920 1101 1997 1170 vj.
2032 1119 2083 1154 2.

461 1179 742 1235 ctissimos
810 1176 999 1231 aureis
1071 1175 1247 1229 armis
1553 1177 1559 1186 ’
1618 1174 1715 1228 illo
1776 1179 1801 1227 t
1839 1187 2039 1242 mpore
2075 1190 2088 1225 ε

462 1250 718 1304 Brixiam
744 1248 910 1312 tueri,
935 1261 1050 1316 quo
1077 1245 1246 1300 mira-
1553 1242 1900 1300 Jescendens
1993 1244 2090 1313 Je-

460 1323 590 1376 culo
642 1318 920 1374 attonitus
974 1315 1245 1371 Nicolaus
1553 1333 1624 1372 ;ιις
1644 1317 1715 1371 de
1738 1320 1951 1379 monte,
1977 1321 2088 1367 ste-

461 1388 1244 1455 Picininusduxfortissimus,
1293 1409 1365 1443 ut
1394 1409 1452 1443 ιη
1495 1405 1621 1442 ioco
1659 1385 1986 1457 campestri,
2030 1392 2091 1439 et

459 1462 756 1532 potiundae
775 1460 926 1515 urbis
942 1475 1102 1529 spem
1120 1459 1246 1527 per·
1293 1460 1461 1514 turba
1500 1457 1906 1528 discipulorum
1940 1456 2083 1526 ejus,

459 1533 622 1597 didit,
677 1530 934 1602 supplicii
986 1529 1239 1600 petendi,
1294 1539 1352 1585 et
1380 1530 1689 1585 multitudo
1715 1527 1950 1598 copiesa
1968 1529 2088 1597 ple-

458 1603 775 1674 aurumque
792 1602 1042 1657 habendi
1063 1601 1246 1656 avidi·
1293 1602 1378 1656 bis
1427 1603 1502 1657 ab
1546 1601 1703 1656 omni
1751 1599 1978 1670 Judaea,
2011 1607 2091 1654 ,et

457 1675 642 1730 tatem
685 1673 915 1729 remisit.
968 1673 1127 1742 Quas
1172 1673 1245 1726 ob
1292 1672 1629 1744 Jerusalem,
1671 1678 1728 1726 et
1767 1670 2082 1735 maritima,
2138 1718 2142 1740 ,

458 1762 547 1801 res
571 1745 852 1800 difficilius
887 1745 974 1799 his
993 1743 1246 1814 corpori·
1295 1752 1352 1799 et
1402 1745 1560 1815 Tyri,
1616 1750 1675 1797 et
1711 1740 1954 1797 Sidonis,
2008 1741 2086 1796 Et
2137 1747 2143 1791 l

457 1819 562 1872 bus
605 1816 882 1871 carerent.
913 1828 941 1871 >
989 1815 1118 1884 Quo
1164 1815 1246 1869 in·
1294 1815 1529 1885 reliqua.

457 1887 632 1944 dubio
659 1887 1010 1943 documento
1036 1888 1243 1942 harum
1311 1886 1602 1941 —Homilia
1633 1884 1817 1940 sancti
1848 1883 2052 1939 Leonis

456 1958 775 2014 litterarum
812 1957 1160 2013 exstantium
1188 1958 1244 2011 in
1581 1960 1775 2027 Papae.

456 2029 682 2085 vetusto
720 2029 1113 2114 manuscripto
1153 2030 1246 2083 co'-

454 2102 579 2156 dice
603 2101 892 2156 tercentas
917 2108 974 2154 et
1001 2100 1246 2169 amplius
1331 2134 1332 2142 κ
1431 2129 1461 2165 s,

454 2171 706 2243 ejusdem
738 2172 1012 2227 Ludovici
1038 2173 1078 2225 F
1084 2187 1245 2225 usca·
1315 2163 1324 2173 ’
1397 2171 1530 2265 >⁸434

454 2243 575 2298 reni
586 2243 856 2312 epistolas
865 2242 1243 2311 complecten-
1481 2250 1524 2272 »Ἃ
1580 2259 1644 2297 su
1656 2241 1881 2298 Christo
1893 2242 2088 2295 Evan-

454 2322 527 2382 te,
557 2314 850 2384 permotus
898 2313 1243 2367 Benedictus
1291 2312 1504 2382 gelium
1534 2314 1716 2384 regni,
1746 2319 1804 2367 et
1828 2312 2087 2367 diversos

453 2385 708 2440 decimus
745 2393 1001 2455 quartuS,
1044 2385 1142 2453 qui
1180 2385 1240 2439 il·
1291 2400 1393 2454 per
1498 2391 1685 2440 totam
1778 2383 2085 2439 Galilaeam

451 2456 550 2511 lud
576 2456 757 2525 ipsum
779 2455 1241 2511 laudendiocca-
1290 2454 1529 2510 curante
1611 2454 1938 2525 languereS,
2027 2455 2084 2508 in

452 2528 669 2582 sionem
700 2528 932 2597 ceperat
970 2527 1026 2580 in
1067 2526 1240 2596 &pere
1290 2542 1517 2580 omnem
1546 2543 1605 2581 se
1644 2527 1870 2598 Syriam
1906 2524 2088 2580 virtu-

451 2599 523 2654 de
549 2600 850 2654 serverum
879 2599 986 2652 Dei
1020 2598 1241 2653 beatifi-
1288 2605 1411 2652 tum
1433 2598 1553 2668 ejus
1573 2600 1735 2653 fama
1755 2596 2085 2664 diffuderat,

451 2670 698 2738 catione,
725 2677 783 2725 et
808 2670 1110 2724 beatorum
1147 2686 1237 2723 ca·
1289 2677 1346 2724 et
1373 2671 1573 2724 multae
1601 2686 1672 2724 ex
1701 2669 1965 2724 universa
1983 2669 2083 2739 Ju-

452 2740 818 2795 nonizatione
839 2740 1064 2795 Patavii
1082 2740 1238 2795 recti-
1288 2741 1419 2795 daea
1445 2742 1631 2796 turbae
1670 2741 1746 2795 ad
1784 2740 2084 2794 coelestem

449 2828 533 2877 ςο,
589 2811 838 2881 benigne
881 2811 1132 2877 indulsit,
1177 2819 1239 2866 ut
1288 2812 1574 2866 medicum
1688 2811 2077 2867 confluebant.

449 2882 595 2937 binis
620 2883 1004 2953 superieribus
1043 2883 1238 2937 lectie-
1287 2882 1438 2953 Quia
1466 2883 1617 2937 enim
1656 2883 1827 2937 tarda
1865 2889 1951 2937 est
1988 2884 2086 2937 hu·

450 2953 614 3008 nibus
666 2954 836 3009 tertia
875 2956 1001 3009 haec
1040 2970 1239 3008 recens
1289 2953 1481 3008 manae
1532 2954 1880 3024 ignorantiae
1938 2953 2087 3009 fides

448 3041 552 3095 pro
575 3025 848 3080 Brixiana
873 3026 1123 3080 Ecclesia
1141 3025 1236 3079 ad·
1288 3025 1362 3080 ad
1390 3025 1679 3080 credenda
1705 3041 1838 3095 quae
1860 3041 1976 3079 non
2000 3025 2084 3080 vi-

446 3096 690 3162 deretur;
708 3097 880 3166 idque
899 3098 973 3152 ad
991 3097 1110 3167 pias
1127 3097 1238 3150 eni·
1287 3096 1405 3161 det,
1428 3096 1504 3151 ad
1524 3096 1811 3167 speranda
1827 3112 1964 3166 quae
1983 3112 2082 3151 ne-

445 3166 669 3237 xasque.
722 3184 918 3237 preces
959 3166 1237 3222 Cardina-
1287 3168 1412 3232 scit,
1495 3167 1803 3238 oportebat
1878 3167 2080 3222 divina

445 3238 513 3293 lis
549 3240 758 3307 Angeli
786 3237 990 3293 Mariae
1018 3237 1236 3308 Quirini
1287 3239 1606 3294 eruditione
1626 3238 1941 3294 firmandos
1958 3254 2081 3293 cor-

1462 2049 1520 2101 ,τ’
1560 2026 1922 2093 Raedicante,
2001 2027 2088 2081 di-

1447 2103 1470 2129 '2
1581 2099 1891 2164 lectissimi,
1965 2098 2087 2152 Do-

1583 2172 1740 2225 mino
1769 2178 1966 2224 nostro
1990 2171 2090 2240 Je-
