2250 3810
462 369 524 406 10

453 480 553 533 des
592 479 979 548 persolventes
1024 485 1239 547 marty-

453 550 518 604 rii
595 551 847 619 palmam
913 547 1242 602 constanter

453 619 878 690 exspectarunt.

489 691 574 747 R.
610 691 983 745 Desiderium.

690 760 898 820 Uettio
924 767 1004 829 ιη’.

465 831 621 903 ²³57*
628 832 724 921 X
752 832 839 887 his
864 841 1091 886 sanctus
1110 833 1242 885 Ale-

466 895 469 939 i
519 912 621 972 ’ἶ
655 903 914 958 ·xe'1nder
994 903 1238 972 primum

466 1001 486 1025 r
577 988 592 999 ‘
693 976 767 1030 ab
806 975 1120 1029 Aureliano
1152 972 1241 1042 jd-

456 1046 581 1101 dice
602 1045 991 1115 interrogatus
1011 1046 1082 1099 de
1099 1044 1244 1098 chri-

455 1116 662 1172 stiz'mae
701 1116 993 1186 religionis
1032 1115 1241 1186 myste-

456 1188 567 1256 riis,
620 1204 690 1241 ea
740 1186 995 1241 revelare
1039 1186 1235 1255 noluit,

457 1259 714 1313 asserens
774 1267 1037 1311 sanctum
1099 1274 1239 1322 esse,

457 1329 612 1398 quod
630 1327 974 1382 Aurelianus
1002 1329 1244 1382 manife-

457 1398 595 1454 ste'lri
659 1399 946 1469 cupiebat,
1007 1408 1063 1453 et
1129 1415 1244 1453 non

458 1470 709 1540 permitti
763 1487 798 1525 a
839 1471 1066 1526 Christo
1116 1487 1261 1545 san--

459 1548 614 1595 ctum
667 1542 791 1596 dari
843 1541 1096 1596 canibus,
1155 1542 1245 1595 Ob

458 1628 590 1682 quae
617 1615 795 1668 verba
821 1612 1025 1667 bez'itus
1055 1612 1246 1666 Ponti-

460 1685 553 1737 fex
584 1684 640 1737 in
674 1683 978 1753 equiileum
1014 1683 1246 1752 imposi-

459 1762 550 1808 tus
587 1763 688 1820 est,
740 1755 966 1825 nugulis
1006 1754 1247 1808 dilania-

458 1833 566 1895 ωε,
621 1834 810 1896 -atque
881 1825 1245 1896 lampadibus

459 1896 707 1953 admotis
715 1896 1051 1969 gravissime
1066 1903 1243 1963 ustus;

461 1985 699 2038 cumque
739 1971 954 2023 nullam
1001 1968 1247 2037 {implius

459 2056 661 2094 vocem
681 2040 982 2107 emitteret,
1009 2040 1244 2094 interro-

800 365 910 404 DIE
939 369 967 403 2
994 364 1187 414 JUNIl.
1218 382 1285 387 —
1314 363 1359 403 S.
1392 363 1659 404 EUGENII
1692 365 1729 404 1.

1294 476 1663 531 crificeindum
1718 478 1884 532 idolis
1947 495 2082 533 con-

1294 548 1542 603 sentiret.
1642 550 1786 604 Cum
1883 557 2081 604 autem

1295 619 1621 674 Theodt'ilus
1632 627 1835 688 sponte
1858 621 1914 674 in
1926 621 2085 674 flam-

1297 706 1419 743 mas
1458 689 1809 757 prosiliisset,
1853 700 1912 746 et
1954 709 2084 746 eum

1294 760 1427 829 ipsis
1453 763 1697 833 hymnos
1726 763 2085 831 decantaret,

1296 847 1363 885 ac
1417 833 1541 886 Deo
1592 833 1811 902 gratias
1854 833 2081 904 ageret,

1296 902 1431 956 fecit
1481 903 1688 972 impius
1722 904 1900 973 judex
1949 906 2085 959 Ale-

1296 972 1580 1028 xandrum
1608 975 1834 1044 punctis
1860 977 2088 1030 creber-

1295 1044 1449 1098 rimis
1477 1061 1578 1114 per
1597 1045 1792 1100 omnia
1821 1048 2089 1102 membra

1297 1115 1574 1184 perforari
1625 1136 1637 1170 :
1682 1133 1795 1186 quo
1841 1117 1955 1172 fine
1996 1118 2091 1172 vir

1296 1194 1526 1242 sanctus
1544 1189 1885 1259 martyrium
1914 1205 2085 1244 suum

1296 1258 1542 1327 gloriose
1555 1259 1881 1328 complevit.
1897 1261 2091 1330 Hujus

1298 1344 1503 1398 corpus
1522 1329 1694 1385 beata
1715 1330 1932 1385 Severa
1955 1332 2091 1385 reli-

1297 1399 1463 1469 giosa
1501 1401 1717 1456 femina
1756 1401 1998 1468 siistulit,
2032 1411 2091 1458 et

1298 1487 1425 1525 cum
1455 1471 1693 1540 corpore
1718 1472 1874 1527 bee'iti
1899 1473 2093 1528 Even-

1300 1542 1362 1595 tii
1388 1541 1587 1611 gladio
1614 1544 2091 1609 consummati‚in

1301 1629 1415 1666 uno
1456 1613 1775 1683 eodemque
1826 1615 2095 1684 sept'sscro

1301 1683 1487 1752 posuit
1512 1685 1607 1739 via
1636 1686 2015 1741 Nomentana
2038 1688 2092 1741 in

1301 1755 1521 1824 praedio
1549 1772 1670 1821 su0,
1703 1759 1855 1812 unde
1885 1758 2096 1826 postea

1302 1826 1376 1880 ad
1405 1826 1618 1881 Urbem
1648 1828 2017 1894 translatum,
2037 1830 2093 1883 in

1300 1897 1538 1952 ecclesia
1579 1908 1805 1955 sanctae
1847 1900 2093 1957 Sabinae

1300 1968 1657 2024 reconditum
1687 1970 1815 2025 fuit.

1338 2040 1417 2095 R.
1452 2042 1629 2095 Stola.

458 2109 630 2181 gz'ltus
668 2112 741 2164 ab
777 2110 1111 2180 Aurelie'an,
1146 2126 1247 2165 cur
1333 2115 1405 2165 In
1435 2114 1521 2182 iij.
1558 2115 1736 2177 Noct„
1767 2112 2001 2169 Hamil.
2035 2116 2093 2170 Si

459 2181 718 2235 taceret?
800 2183 909 2236 hoc
997 2182 1240 2251 dignum
1298 2183 1738 2238 consideremus,
1770 2188 1837 2238 de
1865 2188 2085 2240 Comm.

461 2251 720 2323 Martyre
765 2252 1096 2323 responsum
1150 2252 1243 2306 de-

460 2322 544 2377 dit
579 2343 592 2377 :
630 2323 781 2393 Quia
820 2324 1078 2393 tempore
1117 2340 1246 2377 ora-

459 2394 631 2448 tionis
680 2396 853 2450 homo
905 2393 1245 2449 christianus

459 2481 591 2520 cum
613 2467 738 2520 Deo
757 2466 1022 2536 loquitur.
1053 2465 1245 2534 Depo-

459 2537 567 2591 sito
606 2536 959 2602 Alexandro,
1005 2537 1244 2591 exhibiti

459 2614 591 2662 sunt
633 2608 906 2663 Eventius
956 2615 1014 2662 et
1057 2610 1243 2663 Theo·

460 2678 643 2741 dt'lluS,
665 2695 809 2747 quos
834 2695 962 2734 cum
987 2680 1243 2734 Aurelia-

1442 2310 1573 2363 DIE
1614 2310 1685 2364 II.
1716 2311 1945 2380 JUNII.

1429 2388 1492 2441 S.
1534 2388 1857 2456 Eugenii
1902 2389 1951 2443 1.

1511 2464 1687 2531 Papae
1716 2463 1875 2533 Confi

1420 2535 1654 2603 Duplex
1681 2532 1777 2601 (m.
1815 2542 1853 2588 t.
1887 2536 1969 2602 v.)

1336 2619 1552 2671 Oratio,
1587 2616 1677 2670 Da
1702 2633 2052 2685 quaesumus.

1332 2691 1405 2742 In
1419 2690 1471 2757 j.
1511 2690 1823 2753 Nollurno,
1880 2693 2091 2745 Lectio·

462 2765 566 2803 nus
626 2749 681 2802 in
738 2749 851 2804 fide
915 2750 1245 2805 consti'lntes
1295 2778 1392 2813 nes
1416 2762 1482 2813 de
1510 2761 1816 2828 Scrzptura
1842 2780 2060 2816 occurr.

461 2820 787 2885 invenisset,
808 2822 972 2891 jussit
993 2822 1245 2876 Alexim-

461 2891 623 2944 drum
669 2899 725 2945 et
765 2894 1070 2947 Eventium
1116 2894 1246 2947 dor-

459 2978 584 3015 sum
608 2964 680 3017 ad
703 2964 931 3017 dorsum
954 2962 1167 3033 ligz'itos
1188 2966 1242 3018 in

460 3033 652 3102 ignem
673 3034 1037 3103 praecipitari,
1061 3037 1246 3089 Theo-

461 3104 656 3159 dmum
685 3122 822 3159 vero
852 3105 1061 3159 ibidem
1096 3106 1247 3161 astei-

461 3190 540 3240 re,
585 3183 647 3229 ut
683 3176 845 3245 quasi
884 3176 1083 3232 eorum
1121 3194 1246 3247 per-

1434 2829 1499 2879 In
1538 2829 1611 2880 11.
1647 2829 1953 2883 Nocturno.

1605 2897 1753 2952 'tectio
1782 2901 1857 2953 in.

1605 2968 2090 3023 :zitoMartinohu-

1612 3056 1675 3093 us
1702 3039 1951 3094 nominis
1979 3040 2090 3109 pri-

1605 3126 1704 3173 n0,
1782 3110 2088 3182 tyrannica

1589 3181 1846 3236 .1aeretici
1912 3182 2089 3251 impe-

463 3246 693 3301 territus
732 3247 1013 3315 passione,
1045 3247 1119 3301 ad
1160 3266 1247 3303 sa·
1302 3250 1507 3304 satoris
1536 3252 1823 3307 sententia
1852 3252 2087 3309 Cherso-
