<?xml version="1.0" encoding="UTF-8"?>
<!DOCTYPE html PUBLIC "-//W3C//DTD XHTML 1.0 Transitional//EN"
    "http://www.w3.org/TR/xhtml1/DTD/xhtml1-transitional.dtd">
<html xmlns="http://www.w3.org/1999/xhtml" xml:lang="en" lang="en">
 <head>
  <title>
</title>
<meta http-equiv="Content-Type" content="text/html;charset=utf-8" />
  <meta name='ocr-system' content='tesseract 3.04.00' />
  <meta name='ocr-capabilities' content='ocr_page ocr_carea ocr_par ocr_line ocrx_word'/>
</head>
<body>
  <div class='ocr_page' id='page_1' title='image "./officiapropriae00churgoog_0772.png"; bbox 0 0 2250 3810; ppageno 0'>
   <div class='ocr_carea' id='block_1_1' title="bbox 477 372 540 409">
    <p class='ocr_par' dir='ltr' id='par_1_1' title="bbox 477 372 540 409">
     <span class='ocr_line' id='line_1_1' title="bbox 477 372 540 409; baseline 0 0"><span class='ocrx_word' id='word_1_1' title='bbox 477 372 540 409; x_wconf 84' lang='lat'>22</span> 
     </span>
    </p>
   </div>
   <div class='ocr_carea' id='block_1_2' title="bbox 472 478 1267 3315">
    <p class='ocr_par' dir='ltr' id='par_1_2' title="bbox 475 478 1241 675">
     <span class='ocr_line' id='line_1_2' title="bbox 475 478 1173 546; baseline -0.011 -9"><span class='ocrx_word' id='word_1_2' title='bbox 475 479 682 537; x_wconf 64' lang='lat' dir='ltr'>Datin</span> <span class='ocrx_word' id='word_1_3' title='bbox 711 482 774 543; x_wconf 80' lang='lat' dir='ltr'>ij.</span> <span class='ocrx_word' id='word_1_4' title='bbox 1036 478 1173 546; x_wconf 77' lang='lat' dir='ltr'>Cap.</span> 
     </span>
     <span class='ocr_line' id='line_1_3' title="bbox 593 547 1263 604; baseline -0.006 0"><span class='ocrx_word' id='word_1_5' title='bbox 593 549 666 604; x_wconf 90' lang='lat' dir='ltr'>IC</span> <span class='ocrx_word' id='word_1_6' title='bbox 744 548 896 603; x_wconf 91' lang='lat' dir='ltr'>enim</span> <span class='ocrx_word' id='word_1_7' title='bbox 963 547 1263 601; x_wconf 86' lang='lat' dir='ltr'>Melchise-</span> 
     </span>
     <span class='ocr_line' id='line_1_4' title="bbox 614 618 1264 699; baseline -0.006 -25"><span class='ocrx_word' id='word_1_8' title='bbox 614 620 780 686; x_wconf 82' lang='lat' dir='ltr'>decb,</span> <span class='ocrx_word' id='word_1_9' title='bbox 801 634 898 672; x_wconf 88' lang='lat' dir='ltr'>rex</span> <span class='ocrx_word' id='word_1_10' title='bbox 929 618 1144 699; x_wconf 84' lang='lat' dir='ltr'>Salem,</span> <span class='ocrx_word' id='word_1_11' title='bbox 1176 634 1264 671; x_wconf 90' lang='lat' dir='ltr'>sa-</span> 
     </span>
    </p>

    <p class='ocr_par' dir='ltr' id='par_1_3' title="bbox 472 688 1265 2957">
     <span class='ocr_line' id='line_1_5' title="bbox 477 688 1263 758; baseline -0.006 -12"><span class='ocrx_word' id='word_1_12' title='bbox 477 692 694 747; x_wconf 89' lang='lat' dir='ltr'>cerdos</span> <span class='ocrx_word' id='word_1_13' title='bbox 737 690 845 744; x_wconf 90' lang='lat' dir='ltr'>Dei</span> <span class='ocrx_word' id='word_1_14' title='bbox 887 688 1114 753; x_wconf 89' lang='lat' dir='ltr'>summi,</span> <span class='ocrx_word' id='word_1_15' title='bbox 1165 688 1263 758; x_wconf 91' lang='lat' dir='ltr'>qui</span> 
     </span>
     <span class='ocr_line' id='line_1_6' title="bbox 477 731 1264 830; baseline -0.005 -13"><span class='ocrx_word' id='word_1_16' title='bbox 477 762 736 817; x_wconf 83' lang='lat' dir='ltr'>obviavit</span> <span class='ocrx_word' id='word_1_17' title='bbox 754 756 1023 829; x_wconf 87' lang='lat' dir='ltr'>Abrahae,</span> <span class='ocrx_word' id='word_1_18' title='bbox 1049 731 1264 830; x_wconf 64' lang='lat' dir='ltr'>re’gres-</span> 
     </span>
     <span class='ocr_line' id='line_1_7' title="bbox 477 831 1265 912; baseline -0.004 -24"><span class='ocrx_word' id='word_1_19' title='bbox 477 850 540 888; x_wconf 88' lang='lat' dir='ltr'>so</span> <span class='ocrx_word' id='word_1_20' title='bbox 569 850 605 887; x_wconf 93' lang='lat' dir='ltr'>a</span> <span class='ocrx_word' id='word_1_21' title='bbox 631 833 794 887; x_wconf 85' lang='lat' dir='ltr'>caede</span> <span class='ocrx_word' id='word_1_22' title='bbox 821 848 1042 912; x_wconf 88' lang='lat' dir='ltr'>regum,</span> <span class='ocrx_word' id='word_1_23' title='bbox 1075 838 1133 884; x_wconf 89' lang='lat' dir='ltr'>et</span> <span class='ocrx_word' id='word_1_24' title='bbox 1169 831 1265 885; x_wconf 91' lang='lat' dir='ltr'>be-</span> 
     </span>
     <span class='ocr_line' id='line_1_8' title="bbox 479 901 1265 967; baseline -0.005 -9"><span class='ocrx_word' id='word_1_25' title='bbox 479 903 701 959; x_wconf 83' lang='lat' dir='ltr'>nedixit</span> <span class='ocrx_word' id='word_1_26' title='bbox 722 904 794 967; x_wconf 91' lang='lat' dir='ltr'>ei,</span> <span class='ocrx_word' id='word_1_27' title='bbox 819 903 909 957; x_wconf 91' lang='lat' dir='ltr'>cui</span> <span class='ocrx_word' id='word_1_28' title='bbox 931 909 990 955; x_wconf 90' lang='lat' dir='ltr'>et</span> <span class='ocrx_word' id='word_1_29' title='bbox 1010 901 1265 955; x_wconf 90' lang='lat' dir='ltr'>decimas</span> 
     </span>
     <span class='ocr_line' id='line_1_9' title="bbox 478 946 1261 1038; baseline -0.005 -9"><span class='ocrx_word' id='word_1_30' title='bbox 478 946 1261 1038; x_wconf 74' lang='lat' dir='ltr'>emniumdivisitAbraham3</span> 
     </span>
     <span class='ocr_line' id='line_1_10' title="bbox 480 1043 1263 1131; baseline -0.006 -30"><span class='ocrx_word' id='word_1_31' title='bbox 480 1046 721 1131; x_wconf 89' lang='lat' dir='ltr'>primum</span> <span class='ocrx_word' id='word_1_32' title='bbox 769 1044 1000 1126; x_wconf 89' lang='lat' dir='ltr'>quidem</span> <span class='ocrx_word' id='word_1_33' title='bbox 1043 1043 1141 1113; x_wconf 90' lang='lat' dir='ltr'>qui</span> <span class='ocrx_word' id='word_1_34' title='bbox 1183 1043 1263 1096; x_wconf 90' lang='lat' dir='ltr'>in-</span> 
     </span>
     <span class='ocr_line' id='line_1_11' title="bbox 478 1114 1263 1187; baseline -0.004 -14.992"><span class='ocrx_word' id='word_1_35' title='bbox 478 1116 828 1187; x_wconf 82' lang='lat' dir='ltr'><strong>terpretatur</strong></span> <span class='ocrx_word' id='word_1_36' title='bbox 853 1131 952 1168; x_wconf 86' lang='lat' dir='ltr'>rex</span> <span class='ocrx_word' id='word_1_37' title='bbox 973 1114 1215 1185; x_wconf 85' lang='lat' dir='ltr'>justitiae</span> <span class='ocrx_word' id='word_1_38' title='bbox 1251 1135 1263 1169; x_wconf 74' lang='grc' dir='ltr'>ε</span> 
     </span>
     <span class='ocr_line' id='line_1_12' title="bbox 479 1186 1259 1243; baseline -0.005 -1"><span class='ocrx_word' id='word_1_39' title='bbox 479 1188 683 1243; x_wconf 90' lang='lat' dir='ltr'>deinde</span> <span class='ocrx_word' id='word_1_40' title='bbox 711 1194 896 1241; x_wconf 89' lang='lat' dir='ltr'>autem</span> <span class='ocrx_word' id='word_1_41' title='bbox 939 1194 997 1240; x_wconf 90' lang='lat' dir='ltr'>et</span> <span class='ocrx_word' id='word_1_42' title='bbox 1034 1201 1133 1239; x_wconf 85' lang='lat' dir='ltr'>rex</span> <span class='ocrx_word' id='word_1_43' title='bbox 1162 1186 1259 1239; x_wconf 89' lang='lat' dir='ltr'>Sa·</span> 
     </span>
     <span class='ocr_line' id='line_1_13' title="bbox 476 1256 1259 1328; baseline -0.004 -14.988"><span class='ocrx_word' id='word_1_44' title='bbox 476 1262 607 1326; x_wconf 89' lang='lat' dir='ltr'>lem,</span> <span class='ocrx_word' id='word_1_45' title='bbox 635 1259 789 1328; x_wconf 91' lang='lat' dir='ltr'>quod</span> <span class='ocrx_word' id='word_1_46' title='bbox 816 1260 918 1321; x_wconf 88' lang='lat' dir='ltr'>est,</span> <span class='ocrx_word' id='word_1_47' title='bbox 946 1272 1044 1311; x_wconf 89' lang='lat' dir='ltr'>rex</span> <span class='ocrx_word' id='word_1_48' title='bbox 1083 1256 1259 1325; x_wconf 82' lang='lat' dir='ltr'>paciS‚</span> 
     </span>
     <span class='ocr_line' id='line_1_14' title="bbox 478 1328 1255 1398; baseline -0.005 -14"><span class='ocrx_word' id='word_1_49' title='bbox 478 1331 599 1385; x_wconf 88' lang='lat' dir='ltr'>sine</span> <span class='ocrx_word' id='word_1_50' title='bbox 641 1337 823 1398; x_wconf 89' lang='lat' dir='ltr'>patre,</span> <span class='ocrx_word' id='word_1_51' title='bbox 872 1328 992 1381; x_wconf 86' lang='lat' dir='ltr'>sine</span> <span class='ocrx_word' id='word_1_52' title='bbox 1058 1335 1255 1397; x_wconf 88' lang='lat' dir='ltr'>matre,</span> 
     </span>
     <span class='ocr_line' id='line_1_15' title="bbox 478 1398 1263 1469; baseline -0.001 -14"><span class='ocrx_word' id='word_1_53' title='bbox 478 1402 599 1455; x_wconf 88' lang='lat' dir='ltr'>sine</span> <span class='ocrx_word' id='word_1_54' title='bbox 656 1398 1024 1469; x_wconf 81' lang='lat' dir='ltr'>genealogia,</span> <span class='ocrx_word' id='word_1_55' title='bbox 1074 1415 1263 1468; x_wconf 89' lang='lat' dir='ltr'>neque</span> 
     </span>
     <span class='ocr_line' id='line_1_16' title="bbox 478 1470 1263 1539; baseline -0.004 -13"><span class='ocrx_word' id='word_1_56' title='bbox 478 1471 705 1526; x_wconf 88' lang='lat' dir='ltr'>initium</span> <span class='ocrx_word' id='word_1_57' title='bbox 764 1470 1006 1534; x_wconf 87' lang='lat' dir='ltr'>dierum,</span> <span class='ocrx_word' id='word_1_58' title='bbox 1077 1485 1263 1539; x_wconf 91' lang='lat' dir='ltr'>neque</span> 
     </span>
     <span class='ocr_line' id='line_1_17' title="bbox 480 1541 1264 1607; baseline -0.004 -10"><span class='ocrx_word' id='word_1_59' title='bbox 480 1543 656 1597; x_wconf 90' lang='lat' dir='ltr'>finem</span> <span class='ocrx_word' id='word_1_60' title='bbox 689 1542 825 1597; x_wconf 87' lang='lat' dir='ltr'>vitae</span> <span class='ocrx_word' id='word_1_61' title='bbox 865 1542 1100 1607; x_wconf 67' lang='lat' dir='ltr'>bahem,</span> <span class='ocrx_word' id='word_1_62' title='bbox 1128 1541 1264 1595; x_wconf 88' lang='lat' dir='ltr'>assi-</span> 
     </span>
     <span class='ocr_line' id='line_1_18' title="bbox 483 1612 1257 1676; baseline -0.003 -9"><span class='ocrx_word' id='word_1_63' title='bbox 483 1613 715 1668; x_wconf 75' lang='lat' dir='ltr'>milatus</span> <span class='ocrx_word' id='word_1_64' title='bbox 741 1621 935 1667; x_wconf 89' lang='lat' dir='ltr'>autem</span> <span class='ocrx_word' id='word_1_65' title='bbox 965 1612 1108 1666; x_wconf 90' lang='lat' dir='ltr'>Filio</span> <span class='ocrx_word' id='word_1_66' title='bbox 1132 1612 1257 1676; x_wconf 91' lang='lat' dir='ltr'>Dei,</span> 
     </span>
     <span class='ocr_line' id='line_1_19' title="bbox 480 1683 1263 1752; baseline -0.004 -13"><span class='ocrx_word' id='word_1_67' title='bbox 480 1693 675 1739; x_wconf 88' lang='lat' dir='ltr'>manet</span> <span class='ocrx_word' id='word_1_68' title='bbox 700 1683 967 1739; x_wconf 91' lang='lat' dir='ltr'>sacerdos</span> <span class='ocrx_word' id='word_1_69' title='bbox 986 1684 1042 1737; x_wconf 92' lang='lat' dir='ltr'>in</span> <span class='ocrx_word' id='word_1_70' title='bbox 1058 1683 1263 1752; x_wconf 85' lang='lat' dir='ltr'>perpe-</span> 
     </span>
     <span class='ocr_line' id='line_1_20' title="bbox 478 1754 1264 1811; baseline -0.004 0"><span class='ocrx_word' id='word_1_71' title='bbox 478 1764 654 1811; x_wconf 90' lang='lat' dir='ltr'>tuum.</span> <span class='ocrx_word' id='word_1_72' title='bbox 705 1754 1014 1809; x_wconf 91' lang='lat' dir='ltr'>Intuemini</span> <span class='ocrx_word' id='word_1_73' title='bbox 1065 1762 1264 1809; x_wconf 83' lang='lat' dir='ltr'>autem</span> 
     </span>
     <span class='ocr_line' id='line_1_21' title="bbox 476 1825 1264 1896; baseline -0.003 -15"><span class='ocrx_word' id='word_1_74' title='bbox 476 1834 727 1896; x_wconf 88' lang='lat' dir='ltr'>quantus</span> <span class='ocrx_word' id='word_1_75' title='bbox 753 1826 825 1881; x_wconf 87' lang='lat' dir='ltr'>sit</span> <span class='ocrx_word' id='word_1_76' title='bbox 850 1826 958 1891; x_wconf 86' lang='lat' dir='ltr'>hic,</span> <span class='ocrx_word' id='word_1_77' title='bbox 981 1826 1070 1879; x_wconf 90' lang='lat' dir='ltr'>cui</span> <span class='ocrx_word' id='word_1_78' title='bbox 1092 1833 1151 1879; x_wconf 90' lang='lat' dir='ltr'>et</span> <span class='ocrx_word' id='word_1_79' title='bbox 1169 1825 1264 1879; x_wconf 89' lang='lat' dir='ltr'>de-</span> 
     </span>
     <span class='ocr_line' id='line_1_22' title="bbox 478 1896 1263 1983; baseline -0.003 -30"><span class='ocrx_word' id='word_1_80' title='bbox 478 1898 656 1953; x_wconf 87' lang='lat' dir='ltr'>cimas</span> <span class='ocrx_word' id='word_1_81' title='bbox 672 1898 831 1953; x_wconf 89' lang='lat' dir='ltr'>dedit</span> <span class='ocrx_word' id='word_1_82' title='bbox 857 1898 929 1953; x_wconf 91' lang='lat' dir='ltr'>de</span> <span class='ocrx_word' id='word_1_83' title='bbox 955 1896 1263 1983; x_wconf 87' lang='lat' dir='ltr'>praecipuis</span> 
     </span>
     <span class='ocr_line' id='line_1_23' title="bbox 480 1967 1265 2050; baseline -0.004 -26"><span class='ocrx_word' id='word_1_84' title='bbox 480 1970 777 2025; x_wconf 87' lang='lat' dir='ltr'>Abraham</span> <span class='ocrx_word' id='word_1_85' title='bbox 805 1967 1153 2050; x_wconf 88' lang='lat' dir='ltr'>patriarcha</span> <span class='ocrx_word' id='word_1_86' title='bbox 1191 1969 1265 2021; x_wconf 89' lang='lat' dir='ltr'>Et</span> 
     </span>
     <span class='ocr_line' id='line_1_24' title="bbox 478 2039 1260 2111; baseline -0.004 -16"><span class='ocrx_word' id='word_1_87' title='bbox 478 2041 709 2111; x_wconf 89' lang='lat' dir='ltr'>quidem</span> <span class='ocrx_word' id='word_1_88' title='bbox 737 2041 808 2094; x_wconf 90' lang='lat' dir='ltr'>de</span> <span class='ocrx_word' id='word_1_89' title='bbox 837 2039 968 2093; x_wconf 86' lang='lat' dir='ltr'>filiis</span> <span class='ocrx_word' id='word_1_90' title='bbox 997 2040 1133 2093; x_wconf 88' lang='lat' dir='ltr'><strong>Levi</strong></span> <span class='ocrx_word' id='word_1_91' title='bbox 1176 2055 1260 2093; x_wconf 89' lang='lat' dir='ltr'>sa-</span> 
     </span>
     <span class='ocr_line' id='line_1_25' title="bbox 478 2110 1258 2179; baseline -0.004 -13"><span class='ocrx_word' id='word_1_92' title='bbox 478 2111 796 2166; x_wconf 81' lang='lat' dir='ltr'>cerdotium</span> <span class='ocrx_word' id='word_1_93' title='bbox 894 2110 1258 2179; x_wconf 82' lang='lat' dir='ltr'>accipienteS‚</span> 
     </span>
     <span class='ocr_line' id='line_1_26' title="bbox 473 2181 1263 2236; baseline -0.003 0.018"><span class='ocrx_word' id='word_1_94' title='bbox 473 2181 817 2236; x_wconf 77' lang='lat' dir='ltr'>mandatum</span> <span class='ocrx_word' id='word_1_95' title='bbox 859 2181 1074 2235; x_wconf 88' lang='lat' dir='ltr'>habent</span> <span class='ocrx_word' id='word_1_96' title='bbox 1114 2181 1263 2235; x_wconf 90' lang='lat' dir='ltr'>deci-</span> 
     </span>
     <span class='ocr_line' id='line_1_27' title="bbox 480 2251 1263 2321; baseline -0.001 -14"><span class='ocrx_word' id='word_1_97' title='bbox 480 2269 604 2307; x_wconf 89' lang='lat' dir='ltr'>mas</span> <span class='ocrx_word' id='word_1_98' title='bbox 629 2251 853 2306; x_wconf 77' lang='lat' dir='ltr'>sumere</span> <span class='ocrx_word' id='word_1_99' title='bbox 881 2269 916 2306; x_wconf 87' lang='lat' dir='ltr'>a</span> <span class='ocrx_word' id='word_1_100' title='bbox 944 2251 1157 2321; x_wconf 72' lang='lat' dir='ltr'>pepulo</span> <span class='ocrx_word' id='word_1_101' title='bbox 1178 2268 1263 2306; x_wconf 87' lang='lat' dir='ltr'>se-</span> 
     </span>
     <span class='ocr_line' id='line_1_28' title="bbox 472 2323 1258 2392; baseline -0.003 -14"><span class='ocrx_word' id='word_1_102' title='bbox 472 2323 723 2378; x_wconf 78' lang='lat' dir='ltr'>cundum</span> <span class='ocrx_word' id='word_1_103' title='bbox 773 2324 981 2392; x_wconf 91' lang='lat' dir='ltr'>legem,</span> <span class='ocrx_word' id='word_1_104' title='bbox 1022 2323 1185 2388; x_wconf 90' lang='lat' dir='ltr'>idest,</span> <span class='ocrx_word' id='word_1_105' title='bbox 1225 2339 1258 2377; x_wconf 91' lang='lat' dir='ltr'>a</span> 
     </span>
     <span class='ocr_line' id='line_1_29' title="bbox 473 2394 1261 2464; baseline -0.001 -16"><span class='ocrx_word' id='word_1_106' title='bbox 473 2394 744 2449; x_wconf 76' lang='lat' dir='ltr'>fratribus</span> <span class='ocrx_word' id='word_1_107' title='bbox 755 2395 892 2449; x_wconf 88' lang='lat' dir='ltr'>suis:</span> <span class='ocrx_word' id='word_1_108' title='bbox 909 2410 1261 2464; x_wconf 92' lang='lat' dir='ltr'>quamquam</span> 
     </span>
     <span class='ocr_line' id='line_1_30' title="bbox 476 2465 1264 2536; baseline -0.003 -16"><span class='ocrx_word' id='word_1_109' title='bbox 476 2474 536 2521; x_wconf 89' lang='lat' dir='ltr'>et</span> <span class='ocrx_word' id='word_1_110' title='bbox 562 2466 665 2536; x_wconf 88' lang='lat' dir='ltr'>ipsi</span> <span class='ocrx_word' id='word_1_111' title='bbox 694 2465 937 2519; x_wconf 80' lang='lat' dir='ltr'>exierint</span> <span class='ocrx_word' id='word_1_112' title='bbox 961 2466 1032 2520; x_wconf 90' lang='lat' dir='ltr'>de</span> <span class='ocrx_word' id='word_1_113' title='bbox 1059 2465 1264 2519; x_wconf 90' lang='lat' dir='ltr'>lumbis</span> 
     </span>
     <span class='ocr_line' id='line_1_31' title="bbox 477 2536 1262 2606; baseline -0.004 -14"><span class='ocrx_word' id='word_1_114' title='bbox 477 2539 752 2592; x_wconf 83' lang='lat' dir='ltr'>Abrahae.</span> <span class='ocrx_word' id='word_1_115' title='bbox 820 2536 995 2606; x_wconf 88' lang='lat' dir='ltr'>Cujus</span> <span class='ocrx_word' id='word_1_116' title='bbox 1066 2543 1262 2591; x_wconf 90' lang='lat' dir='ltr'>autem</span> 
     </span>
     <span class='ocr_line' id='line_1_32' title="bbox 475 2607 1264 2694; baseline -0.003 -32"><span class='ocrx_word' id='word_1_117' title='bbox 475 2607 781 2694; x_wconf 76' lang='lat' dir='ltr'>generatio</span> <span class='ocrx_word' id='word_1_118' title='bbox 825 2624 937 2662; x_wconf 90' lang='lat' dir='ltr'>non</span> <span class='ocrx_word' id='word_1_119' title='bbox 986 2623 1264 2661; x_wconf 89' lang='lat' dir='ltr'>annume-</span> 
     </span>
     <span class='ocr_line' id='line_1_33' title="bbox 476 2678 1264 2747; baseline -0.003 -13"><span class='ocrx_word' id='word_1_120' title='bbox 476 2679 637 2734; x_wconf 89' lang='lat' dir='ltr'>ratur</span> <span class='ocrx_word' id='word_1_121' title='bbox 654 2680 709 2732; x_wconf 90' lang='lat' dir='ltr'>in</span> <span class='ocrx_word' id='word_1_122' title='bbox 732 2678 827 2747; x_wconf 89' lang='lat' dir='ltr'>eis,</span> <span class='ocrx_word' id='word_1_123' title='bbox 846 2679 1098 2733; x_wconf 87' lang='lat' dir='ltr'>decimas</span> <span class='ocrx_word' id='word_1_124' title='bbox 1113 2694 1264 2732; x_wconf 88' lang='lat' dir='ltr'>sum-</span> 
     </span>
     <span class='ocr_line' id='line_1_34' title="bbox 479 2750 1264 2821; baseline -0.001 -18"><span class='ocrx_word' id='word_1_125' title='bbox 479 2750 592 2821; x_wconf 86' lang='lat' dir='ltr'>psit</span> <span class='ocrx_word' id='word_1_126' title='bbox 672 2751 746 2804; x_wconf 89' lang='lat' dir='ltr'>ab</span> <span class='ocrx_word' id='word_1_127' title='bbox 827 2750 1147 2813; x_wconf 85' lang='lat' dir='ltr'>Abraham,</span> <span class='ocrx_word' id='word_1_128' title='bbox 1206 2755 1264 2803; x_wconf 94' lang='lat' dir='ltr'>et</span> 
     </span>
     <span class='ocr_line' id='line_1_35' title="bbox 477 2820 1262 2890; baseline -0.003 -15"><span class='ocrx_word' id='word_1_129' title='bbox 477 2823 646 2885; x_wconf 86' lang='lat' dir='ltr'>hunc,</span> <span class='ocrx_word' id='word_1_130' title='bbox 670 2821 765 2890; x_wconf 93' lang='lat' dir='ltr'>qui</span> <span class='ocrx_word' id='word_1_131' title='bbox 793 2820 1045 2875; x_wconf 86' lang='lat' dir='ltr'>habebat</span> <span class='ocrx_word' id='word_1_132' title='bbox 1072 2835 1262 2889; x_wconf 86' lang='lat' dir='ltr'>repro-</span> 
     </span>
     <span class='ocr_line' id='line_1_36' title="bbox 479 2891 1129 2957; baseline -0.003 -11"><span class='ocrx_word' id='word_1_133' title='bbox 479 2892 793 2957; x_wconf 74' lang='lat' dir='ltr'>missieneS‚</span> <span class='ocrx_word' id='word_1_134' title='bbox 821 2891 1129 2946; x_wconf 79' lang='lat' dir='ltr'>benedixit.</span> 
     </span>
    </p>

    <p class='ocr_par' dir='ltr' id='par_1_4' title="bbox 476 2961 1267 3315">
     <span class='ocr_line' id='line_1_37' title="bbox 513 2961 1265 3032; baseline -0.003 -14"><span class='ocrx_word' id='word_1_135' title='bbox 513 2963 594 3020; x_wconf 61' lang='lat'>22.</span> <span class='ocrx_word' id='word_1_136' title='bbox 648 2963 838 3032; x_wconf 83' lang='lat' dir='ltr'>Elegit</span> <span class='ocrx_word' id='word_1_137' title='bbox 888 2978 1019 3016; x_wconf 90' lang='lat' dir='ltr'>eum</span> <span class='ocrx_word' id='word_1_138' title='bbox 1070 2961 1265 3016; x_wconf 74' lang='lat' dir='ltr'>Demi-</span> 
     </span>
     <span class='ocr_line' id='line_1_38' title="bbox 477 3032 1264 3100; baseline -0.005 -10"><span class='ocrx_word' id='word_1_139' title='bbox 477 3052 602 3100; x_wconf 88' lang='lat' dir='ltr'>nus,</span> <span class='ocrx_word' id='word_1_140' title='bbox 649 3051 720 3088; x_wconf 89' lang='lat' dir='ltr'>ex</span> <span class='ocrx_word' id='word_1_141' title='bbox 759 3034 1044 3096; x_wconf 81' lang='lat' dir='ltr'>omnibuS,</span> <span class='ocrx_word' id='word_1_142' title='bbox 1076 3033 1181 3086; x_wconf 89' lang='lat' dir='ltr'>sibi</span> <span class='ocrx_word' id='word_1_143' title='bbox 1209 3032 1264 3086; x_wconf 92' lang='lat' dir='ltr'>in</span> 
     </span>
     <span class='ocr_line' id='line_1_39' title="bbox 476 3103 1265 3170; baseline -0.006 -8"><span class='ocrx_word' id='word_1_144' title='bbox 476 3106 862 3170; x_wconf 74' lang='lat' dir='ltr'>sacerdetem3</span> <span class='ocrx_word' id='word_1_145' title='bbox 891 3112 954 3158; x_wconf 89' lang='lat' dir='ltr'>ut</span> <span class='ocrx_word' id='word_1_146' title='bbox 992 3103 1265 3158; x_wconf 88' lang='lat' dir='ltr'>ascende-</span> 
     </span>
     <span class='ocr_line' id='line_1_40' title="bbox 477 3174 1267 3243; baseline -0.004 -12"><span class='ocrx_word' id='word_1_147' title='bbox 477 3185 564 3232; x_wconf 89' lang='lat' dir='ltr'>ret</span> <span class='ocrx_word' id='word_1_148' title='bbox 591 3176 773 3231; x_wconf 74' lang='lat' dir='ltr'>altare</span> <span class='ocrx_word' id='word_1_149' title='bbox 801 3192 981 3243; x_wconf 87' lang='lat' dir='ltr'>suum,</span> <span class='ocrx_word' id='word_1_150' title='bbox 1001 3182 1060 3229; x_wconf 87' lang='lat' dir='ltr'>et</span> <span class='ocrx_word' id='word_1_151' title='bbox 1075 3174 1267 3229; x_wconf 90' lang='lat' dir='ltr'>adole-</span> 
     </span>
     <span class='ocr_line' id='line_1_41' title="bbox 484 3248 1267 3315; baseline -0.004 -13"><span class='ocrx_word' id='word_1_152' title='bbox 484 3256 570 3302; x_wconf 87' lang='lat' dir='ltr'>ret</span> <span class='ocrx_word' id='word_1_153' title='bbox 593 3248 670 3301; x_wconf 85' lang='lat' dir='ltr'>illi</span> <span class='ocrx_word' id='word_1_154' title='bbox 697 3248 1011 3310; x_wconf 87' lang='lat' dir='ltr'>incensum,</span> <span class='ocrx_word' id='word_1_155' title='bbox 1043 3254 1100 3299; x_wconf 93' lang='lat' dir='ltr'>et</span> <span class='ocrx_word' id='word_1_156' title='bbox 1141 3262 1267 3315; x_wconf 88' lang='lat' dir='ltr'>por-</span> 
     </span>
    </p>
   </div>
   <div class='ocr_carea' id='block_1_3' title="bbox 888 366 1694 424">
    <p class='ocr_par' dir='ltr' id='par_1_5' title="bbox 888 366 1694 424">
     <span class='ocr_line' id='line_1_42' title="bbox 888 366 1694 424; baseline -0.004 -16"><span class='ocrx_word' id='word_1_157' title='bbox 888 368 997 408; x_wconf 78' lang='lat' dir='ltr'>DIE</span> <span class='ocrx_word' id='word_1_158' title='bbox 1030 369 1092 424; x_wconf 92' lang='lat'>17</span> <span class='ocrx_word' id='word_1_159' title='bbox 1117 368 1255 418; x_wconf 81' lang='lat' dir='ltr'>JAN.</span> <span class='ocrx_word' id='word_1_160' title='bbox 1288 386 1357 393; x_wconf 92' lang='lat'><strong>—</strong></span> <span class='ocrx_word' id='word_1_161' title='bbox 1384 368 1431 409; x_wconf 89' lang='lat' dir='ltr'>s.</span> <span class='ocrx_word' id='word_1_162' title='bbox 1465 366 1694 408; x_wconf 81' lang='lat' dir='ltr'><strong>SABlNl.</strong></span> 
     </span>
    </p>
   </div>
   <div class='ocr_carea' id='block_1_4' title="bbox 1204 457 2110 546">
    <p class='ocr_par' dir='ltr' id='par_1_6' title="bbox 1204 457 2110 546">
     <span class='ocr_line' id='line_1_43' title="bbox 1204 457 2110 546; baseline -0.003 -16"><span class='ocrx_word' id='word_1_163' title='bbox 1204 492 1255 546; x_wconf 91' lang='lat'>7.</span> <span class='ocrx_word' id='word_1_164' title='bbox 1316 474 1468 530; x_wconf 75' lang='lat' dir='ltr'>taret</span> <span class='ocrx_word' id='word_1_165' title='bbox 1510 457 1701 545; x_wconf 87' lang='lat' dir='ltr'>ephod</span> <span class='ocrx_word' id='word_1_166' title='bbox 1743 489 1942 529; x_wconf 91' lang='lat' dir='ltr'>coram</span> <span class='ocrx_word' id='word_1_167' title='bbox 1976 490 2048 527; x_wconf 92' lang='lat' dir='ltr'>eo</span> <span class='ocrx_word' id='word_1_168' title='bbox 2097 493 2110 527; x_wconf 73' lang='grc' dir='ltr'>ε</span> 
     </span>
    </p>
   </div>
   <div class='ocr_carea' id='block_1_5' title="bbox 1316 545 2117 3315">
    <p class='ocr_par' dir='ltr' id='par_1_7' title="bbox 1316 545 2117 3315">
     <span class='ocr_line' id='line_1_44' title="bbox 1316 545 2106 601; baseline -0.004 -1"><span class='ocrx_word' id='word_1_169' title='bbox 1316 549 1351 583; x_wconf 64' lang='lat'>³⁵</span> <span class='ocrx_word' id='word_1_170' title='bbox 1369 548 1507 601; x_wconf 86' lang='lat' dir='ltr'>Erat</span> <span class='ocrx_word' id='word_1_171' title='bbox 1532 546 1686 600; x_wconf 88' lang='lat' dir='ltr'>enim</span> <span class='ocrx_word' id='word_1_172' title='bbox 1705 545 1978 601; x_wconf 79' lang='lat' dir='ltr'>sacerdos</span> <span class='ocrx_word' id='word_1_173' title='bbox 1997 545 2106 598; x_wconf 89' lang='lat' dir='ltr'>Dei</span> 
     </span>
     <span class='ocr_line' id='line_1_45' title="bbox 1318 615 2108 672; baseline -0.004 0"><span class='ocrx_word' id='word_1_174' title='bbox 1318 617 1594 672; x_wconf 85' lang='lat' dir='ltr'>altissimi.</span> <span class='ocrx_word' id='word_1_175' title='bbox 1626 615 1701 671; x_wconf 62' lang='lat' dir='ltr'>w.</span> <span class='ocrx_word' id='word_1_176' title='bbox 1751 616 1934 671; x_wconf 88' lang='lat' dir='ltr'>Unxit</span> <span class='ocrx_word' id='word_1_177' title='bbox 1973 631 2108 669; x_wconf 90' lang='lat' dir='ltr'>eum</span> 
     </span>
     <span class='ocr_line' id='line_1_46' title="bbox 1320 688 2109 754; baseline -0.001 -12"><span class='ocrx_word' id='word_1_178' title='bbox 1320 688 1600 742; x_wconf 73' lang='lat' dir='ltr'>Deminus</span> <span class='ocrx_word' id='word_1_179' title='bbox 1615 689 1743 742; x_wconf 81' lang='lat' dir='ltr'>oleo</span> <span class='ocrx_word' id='word_1_180' title='bbox 1759 695 1965 741; x_wconf 89' lang='lat' dir='ltr'>sancto</span> <span class='ocrx_word' id='word_1_181' title='bbox 1984 702 2109 754; x_wconf 81' lang='lat' dir='ltr'>sue,</span> 
     </span>
     <span class='ocr_line' id='line_1_47' title="bbox 1318 756 2107 829; baseline -0.003 -16"><span class='ocrx_word' id='word_1_182' title='bbox 1318 767 1377 813; x_wconf 89' lang='lat' dir='ltr'>et</span> <span class='ocrx_word' id='word_1_183' title='bbox 1401 759 1686 814; x_wconf 84' lang='lat' dir='ltr'>sacrificia</span> <span class='ocrx_word' id='word_1_184' title='bbox 1708 758 1829 829; x_wconf 88' lang='lat' dir='ltr'>ejus</span> <span class='ocrx_word' id='word_1_185' title='bbox 1846 756 2107 812; x_wconf 76' lang='lat' dir='ltr'>consum·</span> 
     </span>
     <span class='ocr_line' id='line_1_48' title="bbox 1319 828 2106 900; baseline -0.003 -15"><span class='ocrx_word' id='word_1_186' title='bbox 1319 839 1420 900; x_wconf 87' lang='lat' dir='ltr'>pta</span> <span class='ocrx_word' id='word_1_187' title='bbox 1463 838 1594 885; x_wconf 82' lang='lat' dir='ltr'>sunt</span> <span class='ocrx_word' id='word_1_188' title='bbox 1644 830 1778 900; x_wconf 89' lang='lat' dir='ltr'>igne</span> <span class='ocrx_word' id='word_1_189' title='bbox 1829 828 2106 899; x_wconf 87' lang='lat' dir='ltr'>quotidie.</span> 
     </span>
     <span class='ocr_line' id='line_1_49' title="bbox 1324 902 1860 956; baseline -0.006 -1"><span class='ocrx_word' id='word_1_190' title='bbox 1324 933 1385 941; x_wconf 89' lang='lat'>—</span> <span class='ocrx_word' id='word_1_191' title='bbox 1414 903 1554 956; x_wconf 86' lang='lat' dir='ltr'>Erat</span> <span class='ocrx_word' id='word_1_192' title='bbox 1580 902 1860 955; x_wconf 77' lang='lat' dir='ltr'>enim..</span> 
     </span>
     <span class='ocr_line' id='line_1_50' title="bbox 1316 971 2106 1038; baseline -0.008 -7"><span class='ocrx_word' id='word_1_193' title='bbox 1316 971 1561 1032; x_wconf 66' lang='lat' dir='ltr'>stettin</span> <span class='ocrx_word' id='word_1_194' title='bbox 1545 976 1630 1038; x_wconf 74' lang='lat' dir='ltr'>tii.</span> <span class='ocrx_word' id='word_1_195' title='bbox 1888 974 1972 1026; x_wconf 86' lang='lat' dir='ltr'>Ca</span> <span class='ocrx_word' id='word_1_196' title='bbox 2015 1015 2025 1025; x_wconf 92' lang='lat'>.</span> <span class='ocrx_word' id='word_1_197' title='bbox 2057 974 2106 1027; x_wconf 83' lang='lat'>8.</span> 
     </span>
     <span class='ocr_line' id='line_1_51' title="bbox 1421 1042 2108 1113; baseline -0.003 -15"><span class='ocrx_word' id='word_1_198' title='bbox 1421 1045 1591 1099; x_wconf 86' lang='lat' dir='ltr'>Alem</span> <span class='ocrx_word' id='word_1_199' title='bbox 1635 1059 1777 1113; x_wconf 89' lang='lat' dir='ltr'>ergo</span> <span class='ocrx_word' id='word_1_200' title='bbox 1823 1042 1941 1097; x_wconf 89' lang='lat' dir='ltr'>hab</span> <span class='ocrx_word' id='word_1_201' title='bbox 1981 1059 2108 1096; x_wconf 90' lang='lat' dir='ltr'>mus</span> 
     </span>
     <span class='ocr_line' id='line_1_52' title="bbox 1444 1113 2108 1197; baseline -0.003 -28"><span class='ocrx_word' id='word_1_202' title='bbox 1444 1114 1790 1197; x_wconf 80' lang='lat' dir='ltr'>pontificem,</span> <span class='ocrx_word' id='word_1_203' title='bbox 1837 1113 1936 1182; x_wconf 92' lang='lat' dir='ltr'>qui</span> <span class='ocrx_word' id='word_1_204' title='bbox 1971 1130 2108 1167; x_wconf 91' lang='lat' dir='ltr'>con-</span> 
     </span>
     <span class='ocr_line' id='line_1_53' title="bbox 1316 1185 2109 1241; baseline -0.001 -2"><span class='ocrx_word' id='word_1_205' title='bbox 1316 1186 1462 1241; x_wconf 88' lang='lat' dir='ltr'>sedit</span> <span class='ocrx_word' id='word_1_206' title='bbox 1526 1186 1579 1239; x_wconf 92' lang='lat' dir='ltr'>in</span> <span class='ocrx_word' id='word_1_207' title='bbox 1642 1186 1882 1240; x_wconf 82' lang='lat' dir='ltr'>dextera</span> <span class='ocrx_word' id='word_1_208' title='bbox 1957 1185 2109 1239; x_wconf 88' lang='lat' dir='ltr'>sedis</span> 
     </span>
     <span class='ocr_line' id='line_1_54' title="bbox 1321 1256 2105 1337; baseline -0.004 -25"><span class='ocrx_word' id='word_1_209' title='bbox 1321 1257 1743 1337; x_wconf 79' lang='lat' dir='ltr'>magnitudinis</span> <span class='ocrx_word' id='word_1_210' title='bbox 1792 1256 1848 1310; x_wconf 90' lang='lat' dir='ltr'>in</span> <span class='ocrx_word' id='word_1_211' title='bbox 1919 1257 2105 1319; x_wconf 78' lang='lat' dir='ltr'>coeli5‚</span> 
     </span>
     <span class='ocr_line' id='line_1_55' title="bbox 1317 1326 2111 1383; baseline -0.004 0"><span class='ocrx_word' id='word_1_212' title='bbox 1317 1327 1647 1383; x_wconf 75' lang='lat' dir='ltr'>sancterum</span> <span class='ocrx_word' id='word_1_213' title='bbox 1670 1326 1927 1381; x_wconf 89' lang='lat' dir='ltr'>minister</span> <span class='ocrx_word' id='word_1_214' title='bbox 1944 1334 2006 1381; x_wconf 90' lang='lat' dir='ltr'>et</span> <span class='ocrx_word' id='word_1_215' title='bbox 2020 1334 2111 1381; x_wconf 90' lang='lat' dir='ltr'>ta-</span> 
     </span>
     <span class='ocr_line' id='line_1_56' title="bbox 1318 1396 2115 1467; baseline -0.004 -13"><span class='ocrx_word' id='word_1_216' title='bbox 1318 1398 1611 1454; x_wconf 85' lang='lat' dir='ltr'>bernaculi</span> <span class='ocrx_word' id='word_1_217' title='bbox 1633 1397 1775 1463; x_wconf 90' lang='lat' dir='ltr'>veri,</span> <span class='ocrx_word' id='word_1_218' title='bbox 1799 1397 1956 1467; x_wconf 91' lang='lat' dir='ltr'>quod</span> <span class='ocrx_word' id='word_1_219' title='bbox 1981 1396 2115 1451; x_wconf 84' lang='lat' dir='ltr'>fixit</span> 
     </span>
     <span class='ocr_line' id='line_1_57' title="bbox 1321 1470 2110 1534; baseline -0.004 -9"><span class='ocrx_word' id='word_1_220' title='bbox 1321 1470 1621 1534; x_wconf 77' lang='lat' dir='ltr'>Deminus,</span> <span class='ocrx_word' id='word_1_221' title='bbox 1658 1477 1715 1524; x_wconf 90' lang='lat' dir='ltr'>et</span> <span class='ocrx_word' id='word_1_222' title='bbox 1754 1485 1866 1523; x_wconf 92' lang='lat' dir='ltr'>non</span> <span class='ocrx_word' id='word_1_223' title='bbox 1907 1470 2110 1522; x_wconf 81' lang='lat' dir='ltr'>homo,</span> 
     </span>
     <span class='ocr_line' id='line_1_58' title="bbox 1320 1539 2114 1610; baseline -0.005 -13"><span class='ocrx_word' id='word_1_224' title='bbox 1320 1540 1523 1598; x_wconf 89' lang='lat' dir='ltr'>Omnis</span> <span class='ocrx_word' id='word_1_225' title='bbox 1548 1541 1700 1595; x_wconf 91' lang='lat' dir='ltr'>enim</span> <span class='ocrx_word' id='word_1_226' title='bbox 1739 1539 2005 1610; x_wconf 78' lang='lat' dir='ltr'>pontifex</span> <span class='ocrx_word' id='word_1_227' title='bbox 2034 1540 2114 1594; x_wconf 86' lang='lat' dir='ltr'>ad</span> 
     </span>
     <span class='ocr_line' id='line_1_59' title="bbox 1317 1610 2114 1668; baseline -0.004 -1"><span class='ocrx_word' id='word_1_228' title='bbox 1317 1612 1675 1668; x_wconf 87' lang='lat' dir='ltr'>offerendum</span> <span class='ocrx_word' id='word_1_229' title='bbox 1734 1610 1975 1665; x_wconf 77' lang='lat' dir='ltr'>munera</span> <span class='ocrx_word' id='word_1_230' title='bbox 2053 1618 2114 1665; x_wconf 89' lang='lat' dir='ltr'>et</span> 
     </span>
     <span class='ocr_line' id='line_1_60' title="bbox 1318 1681 2114 1747; baseline -0.003 -10"><span class='ocrx_word' id='word_1_231' title='bbox 1318 1684 1532 1739; x_wconf 72' lang='lat' dir='ltr'>bestias</span> <span class='ocrx_word' id='word_1_232' title='bbox 1551 1681 1795 1737; x_wconf 76' lang='lat' dir='ltr'>constitu</span> <span class='ocrx_word' id='word_1_233' title='bbox 1803 1682 1935 1747; x_wconf 89' lang='lat' dir='ltr'>itur;</span> <span class='ocrx_word' id='word_1_234' title='bbox 1954 1682 2114 1736; x_wconf 91' lang='lat' dir='ltr'>unde</span> 
     </span>
     <span class='ocr_line' id='line_1_61' title="bbox 1317 1753 2116 1810; baseline -0.003 -1"><span class='ocrx_word' id='word_1_235' title='bbox 1317 1755 1545 1810; x_wconf 89' lang='lat' dir='ltr'>necesse</span> <span class='ocrx_word' id='word_1_236' title='bbox 1566 1761 1650 1809; x_wconf 89' lang='lat' dir='ltr'>est</span> <span class='ocrx_word' id='word_1_237' title='bbox 1675 1760 1733 1807; x_wconf 88' lang='lat' dir='ltr'>et</span> <span class='ocrx_word' id='word_1_238' title='bbox 1754 1754 1904 1807; x_wconf 89' lang='lat' dir='ltr'>hunc</span> <span class='ocrx_word' id='word_1_239' title='bbox 1933 1753 2116 1807; x_wconf 88' lang='lat' dir='ltr'>habe-</span> 
     </span>
     <span class='ocr_line' id='line_1_62' title="bbox 1318 1822 2109 1895; baseline -0.004 -14"><span class='ocrx_word' id='word_1_240' title='bbox 1318 1842 1376 1881; x_wconf 92' lang='lat' dir='ltr'>re</span> <span class='ocrx_word' id='word_1_241' title='bbox 1428 1824 1643 1895; x_wconf 89' lang='lat' dir='ltr'>aliquid</span> <span class='ocrx_word' id='word_1_242' title='bbox 1683 1824 1841 1894; x_wconf 89' lang='lat' dir='ltr'>quod</span> <span class='ocrx_word' id='word_1_243' title='bbox 1879 1822 2109 1878; x_wconf 77' lang='lat' dir='ltr'>efferat.</span> 
     </span>
     <span class='ocr_line' id='line_1_63' title="bbox 1316 1897 2116 1968; baseline -0.004 -16"><span class='ocrx_word' id='word_1_244' title='bbox 1316 1897 1375 1952; x_wconf 90' lang='lat' dir='ltr'>Si</span> <span class='ocrx_word' id='word_1_245' title='bbox 1420 1914 1555 1968; x_wconf 87' lang='lat' dir='ltr'>ergo</span> <span class='ocrx_word' id='word_1_246' title='bbox 1600 1904 1748 1951; x_wconf 90' lang='lat' dir='ltr'>esset</span> <span class='ocrx_word' id='word_1_247' title='bbox 1783 1912 1955 1965; x_wconf 90' lang='lat' dir='ltr'>super</span> <span class='ocrx_word' id='word_1_248' title='bbox 1997 1902 2116 1950; x_wconf 90' lang='lat' dir='ltr'>ter-</span> 
     </span>
     <span class='ocr_line' id='line_1_64' title="bbox 1317 1967 2114 2033; baseline -0.003 -11"><span class='ocrx_word' id='word_1_249' title='bbox 1317 1985 1462 2033; x_wconf 87' lang='lat' dir='ltr'>ram,</span> <span class='ocrx_word' id='word_1_250' title='bbox 1494 1985 1597 2023; x_wconf 89' lang='lat' dir='ltr'>nec</span> <span class='ocrx_word' id='word_1_251' title='bbox 1624 1974 1775 2023; x_wconf 90' lang='lat' dir='ltr'>esset</span> <span class='ocrx_word' id='word_1_252' title='bbox 1796 1967 2114 2022; x_wconf 76' lang='lat' dir='ltr'>sacerdos:</span> 
     </span>
     <span class='ocr_line' id='line_1_65' title="bbox 1316 2036 2116 2124; baseline -0.003 -30"><span class='ocrx_word' id='word_1_253' title='bbox 1316 2057 1448 2094; x_wconf 90' lang='lat' dir='ltr'>cum</span> <span class='ocrx_word' id='word_1_254' title='bbox 1476 2046 1664 2094; x_wconf 90' lang='lat' dir='ltr'>essent</span> <span class='ocrx_word' id='word_1_255' title='bbox 1693 2038 1793 2108; x_wconf 92' lang='lat' dir='ltr'>qui</span> <span class='ocrx_word' id='word_1_256' title='bbox 1831 2036 2116 2124; x_wconf 79' lang='lat' dir='ltr'>offerrent</span> 
     </span>
     <span class='ocr_line' id='line_1_66' title="bbox 1316 2110 2114 2179; baseline -0.001 -15"><span class='ocrx_word' id='word_1_257' title='bbox 1316 2110 1628 2165; x_wconf 90' lang='lat' dir='ltr'>secundum</span> <span class='ocrx_word' id='word_1_258' title='bbox 1646 2111 1834 2179; x_wconf 88' lang='lat' dir='ltr'>legem</span> <span class='ocrx_word' id='word_1_259' title='bbox 1848 2125 2114 2178; x_wconf 87' lang='lat' dir='ltr'>munera,</span> 
     </span>
     <span class='ocr_line' id='line_1_67' title="bbox 1317 2180 2114 2251; baseline 0.001 -16"><span class='ocrx_word' id='word_1_260' title='bbox 1317 2182 1414 2251; x_wconf 92' lang='lat' dir='ltr'>qui</span> <span class='ocrx_word' id='word_1_261' title='bbox 1441 2180 1754 2251; x_wconf 78' lang='lat' dir='ltr'>exemplari</span> <span class='ocrx_word' id='word_1_262' title='bbox 1786 2187 1845 2234; x_wconf 90' lang='lat' dir='ltr'>et</span> <span class='ocrx_word' id='word_1_263' title='bbox 1884 2182 2114 2236; x_wconf 86' lang='lat' dir='ltr'>umbrae</span> 
     </span>
     <span class='ocr_line' id='line_1_68' title="bbox 1317 2251 2108 2307; baseline -0.001 0"><span class='ocrx_word' id='word_1_264' title='bbox 1317 2253 1646 2307; x_wconf 89' lang='lat' dir='ltr'>deserviunt</span> <span class='ocrx_word' id='word_1_265' title='bbox 1758 2251 2108 2306; x_wconf 78' lang='lat' dir='ltr'>coelestium.</span> 
     </span>
     <span class='ocr_line' id='line_1_69' title="bbox 1318 2321 2117 2392; baseline -0.001 -14"><span class='ocrx_word' id='word_1_266' title='bbox 1318 2324 1476 2378; x_wconf 90' lang='lat' dir='ltr'>Sicut</span> <span class='ocrx_word' id='word_1_267' title='bbox 1586 2321 1924 2392; x_wconf 75' lang='lat' dir='ltr'>respensum</span> <span class='ocrx_word' id='word_1_268' title='bbox 2027 2333 2117 2377; x_wconf 87' lang='lat' dir='ltr'>est</span> 
     </span>
     <span class='ocr_line' id='line_1_70' title="bbox 1319 2393 2115 2465; baseline 0.001 -17"><span class='ocrx_word' id='word_1_269' title='bbox 1319 2394 1526 2465; x_wconf 73' lang='lat' dir='ltr'>Meysi,</span> <span class='ocrx_word' id='word_1_270' title='bbox 1576 2410 1705 2448; x_wconf 92' lang='lat' dir='ltr'>cum</span> <span class='ocrx_word' id='word_1_271' title='bbox 1742 2393 2115 2449; x_wconf 70' lang='lat' dir='ltr'>consumma-</span> 
     </span>
     <span class='ocr_line' id='line_1_71' title="bbox 1317 2463 2110 2528; baseline -0.001 -9"><span class='ocrx_word' id='word_1_272' title='bbox 1317 2474 1404 2519; x_wconf 91' lang='lat' dir='ltr'>ret</span> <span class='ocrx_word' id='word_1_273' title='bbox 1429 2463 1917 2519; x_wconf 88' lang='lat' dir='ltr'>tabernaculum:</span> <span class='ocrx_word' id='word_1_274' title='bbox 1951 2465 2110 2528; x_wconf 86' lang='lat' dir='ltr'>vide,</span> 
     </span>
     <span class='ocr_line' id='line_1_72' title="bbox 1318 2507 2113 2605; baseline 0.001 -16"><span class='ocrx_word' id='word_1_275' title='bbox 1318 2536 1519 2605; x_wconf 89' lang='lat' dir='ltr'>inquit,</span> <span class='ocrx_word' id='word_1_276' title='bbox 1568 2535 1764 2589; x_wconf 69' lang='lat' dir='ltr'>emnia</span> <span class='ocrx_word' id='word_1_277' title='bbox 1803 2507 1990 2590; x_wconf 79' lang='lat' dir='ltr'>facito</span> <span class='ocrx_word' id='word_1_278' title='bbox 2028 2552 2113 2590; x_wconf 90' lang='lat' dir='ltr'>se·</span> 
     </span>
     <span class='ocr_line' id='line_1_73' title="bbox 1317 2605 2114 2675; baseline 0 -14"><span class='ocrx_word' id='word_1_279' title='bbox 1317 2606 1567 2661; x_wconf 75' lang='lat' dir='ltr'>cundum</span> <span class='ocrx_word' id='word_1_280' title='bbox 1594 2605 1913 2675; x_wconf 86' lang='lat' dir='ltr'>exemplar,</span> <span class='ocrx_word' id='word_1_281' title='bbox 1952 2606 2114 2675; x_wconf 89' lang='lat' dir='ltr'>quod</span> 
     </span>
     <span class='ocr_line' id='line_1_74' title="bbox 1317 2677 2114 2732; baseline 0 -1"><span class='ocrx_word' id='word_1_282' title='bbox 1317 2677 1416 2732; x_wconf 89' lang='lat' dir='ltr'>tibi</span> <span class='ocrx_word' id='word_1_283' title='bbox 1444 2678 1729 2732; x_wconf 89' lang='lat' dir='ltr'>ostensum</span> <span class='ocrx_word' id='word_1_284' title='bbox 1756 2684 1843 2731; x_wconf 88' lang='lat' dir='ltr'>est</span> <span class='ocrx_word' id='word_1_285' title='bbox 1868 2677 1927 2730; x_wconf 88' lang='lat' dir='ltr'>in</span> <span class='ocrx_word' id='word_1_286' title='bbox 1957 2694 2114 2731; x_wconf 90' lang='lat' dir='ltr'>mon-</span> 
     </span>
     <span class='ocr_line' id='line_1_75' title="bbox 1318 2748 2112 2803; baseline 0.001 -1"><span class='ocrx_word' id='word_1_287' title='bbox 1318 2755 1392 2802; x_wconf 91' lang='lat' dir='ltr'>te.</span> <span class='ocrx_word' id='word_1_288' title='bbox 1447 2749 1611 2802; x_wconf 92' lang='lat' dir='ltr'>Nunc</span> <span class='ocrx_word' id='word_1_289' title='bbox 1647 2755 1853 2801; x_wconf 89' lang='lat' dir='ltr'>-autem</span> <span class='ocrx_word' id='word_1_290' title='bbox 1907 2748 2112 2803; x_wconf 88' lang='lat' dir='ltr'>melius</span> 
     </span>
     <span class='ocr_line' id='line_1_76' title="bbox 1316 2818 2108 2883; baseline 0.003 -11"><span class='ocrx_word' id='word_1_291' title='bbox 1316 2818 1548 2874; x_wconf 89' lang='lat' dir='ltr'>sortitus</span> <span class='ocrx_word' id='word_1_292' title='bbox 1584 2826 1671 2873; x_wconf 90' lang='lat' dir='ltr'>est</span> <span class='ocrx_word' id='word_1_293' title='bbox 1710 2818 2108 2883; x_wconf 88' lang='lat' dir='ltr'>ministerium,</span> 
     </span>
     <span class='ocr_line' id='line_1_77' title="bbox 1318 2888 2114 2959; baseline 0.003 -17"><span class='ocrx_word' id='word_1_294' title='bbox 1318 2898 1540 2959; x_wconf 89' lang='lat' dir='ltr'>quanto</span> <span class='ocrx_word' id='word_1_295' title='bbox 1566 2897 1624 2944; x_wconf 90' lang='lat' dir='ltr'>et</span> <span class='ocrx_word' id='word_1_296' title='bbox 1650 2888 1901 2944; x_wconf 75' lang='lat' dir='ltr'>melieris</span> <span class='ocrx_word' id='word_1_297' title='bbox 1937 2897 2114 2944; x_wconf 88' lang='lat' dir='ltr'>testa-</span> 
     </span>
     <span class='ocr_line' id='line_1_78' title="bbox 1321 2959 2112 3030; baseline 0 -16"><span class='ocrx_word' id='word_1_298' title='bbox 1321 2961 1499 3015; x_wconf 89' lang='lat' dir='ltr'>menti</span> <span class='ocrx_word' id='word_1_299' title='bbox 1527 2959 1813 3015; x_wconf 75' lang='lat' dir='ltr'>mediator</span> <span class='ocrx_word' id='word_1_300' title='bbox 1827 2967 1932 3024; x_wconf 88' lang='lat' dir='ltr'>est,</span> <span class='ocrx_word' id='word_1_301' title='bbox 1956 2960 2112 3030; x_wconf 90' lang='lat' dir='ltr'>quod</span> 
     </span>
     <span class='ocr_line' id='line_1_79' title="bbox 1321 3030 2109 3101; baseline 0 -16"><span class='ocrx_word' id='word_1_302' title='bbox 1321 3032 1377 3085; x_wconf 91' lang='lat' dir='ltr'>in</span> <span class='ocrx_word' id='word_1_303' title='bbox 1432 3030 1759 3085; x_wconf 75' lang='lat' dir='ltr'>melieribus</span> <span class='ocrx_word' id='word_1_304' title='bbox 1806 3032 2109 3101; x_wconf 89' lang='lat' dir='ltr'>repromis-</span> 
     </span>
     <span class='ocr_line' id='line_1_80' title="bbox 1320 3101 2015 3157; baseline 0.001 -1"><span class='ocrx_word' id='word_1_305' title='bbox 1320 3101 1574 3156; x_wconf 74' lang='lat' dir='ltr'>sienibus</span> <span class='ocrx_word' id='word_1_306' title='bbox 1599 3101 1885 3156; x_wconf 89' lang='lat' dir='ltr'>sancitum</span> <span class='ocrx_word' id='word_1_307' title='bbox 1911 3109 2015 3157; x_wconf 89' lang='lat' dir='ltr'>est.</span> 
     </span>
     <span class='ocr_line' id='line_1_81' title="bbox 1356 3172 2111 3228; baseline -0.003 0"><span class='ocrx_word' id='word_1_308' title='bbox 1356 3172 1441 3228; x_wconf 58' lang='lat' dir='ltr'>R.</span> <span class='ocrx_word' id='word_1_309' title='bbox 1487 3174 1633 3228; x_wconf 88' lang='lat' dir='ltr'>Ecce</span> <span class='ocrx_word' id='word_1_310' title='bbox 1674 3173 1809 3228; x_wconf 89' lang='lat' dir='ltr'>dedi</span> <span class='ocrx_word' id='word_1_311' title='bbox 1853 3172 1958 3227; x_wconf 90' lang='lat' dir='ltr'>tibi</span> <span class='ocrx_word' id='word_1_312' title='bbox 2009 3173 2111 3227; x_wconf 86' lang='lat' dir='ltr'>lin-</span> 
     </span>
     <span class='ocr_line' id='line_1_82' title="bbox 1320 3243 2108 3315; baseline -0.001 -17"><span class='ocrx_word' id='word_1_313' title='bbox 1320 3260 1500 3315; x_wconf 87' lang='lat' dir='ltr'>guam</span> <span class='ocrx_word' id='word_1_314' title='bbox 1528 3243 1835 3308; x_wconf 88' lang='lat' dir='ltr'>eruditam,</span> <span class='ocrx_word' id='word_1_315' title='bbox 1868 3251 1927 3298; x_wconf 90' lang='lat' dir='ltr'>et</span> <span class='ocrx_word' id='word_1_316' title='bbox 1953 3251 2108 3313; x_wconf 86' lang='lat' dir='ltr'>pote·</span> 
     </span>
    </p>
   </div>
   <div class='ocr_carea' id='block_1_6' title="bbox 410 3347 2146 3377">
    <p class='ocr_par' dir='ltr' id='par_1_8' title="bbox 410 3347 2146 3377">
     <span class='ocr_line' id='line_1_83' title="bbox 410 3347 2146 3377; baseline 0 433"><span class='ocrx_word' id='word_1_317' title='bbox 410 3347 2146 3377; x_wconf 95' lang='lat' dir='ltr'> </span> 
     </span>
    </p>
   </div>
  </div>
 </body>
</html>
