2250 3810
547 366 666 407 mn
702 368 756 419 ¹7
785 368 924 418 JAN.
955 388 1023 394 ·—
1051 369 1096 410 S.
1132 369 1360 413 sA131N1.

160 469 427 525 afflictam
455 474 710 542 replevit.
759 474 828 530 w.
861 476 932 529 Et

157 541 546 612 eleemosynas
573 544 743 613 ipsius
767 562 930 600 enar-

148 611 300 665 rabit
333 614 514 667 omnis
539 616 777 671 ecclesia
802 634 931 671 san-

156 682 390 738 ctorum.
457 717 526 724 —-
599 688 923 757 Propterea.

157 753 343 808 Gleria
372 756 544 811 Patri.
580 759 906 829 Propterea.

384 825 591 886 stettin
620 836 692 891 in.
953 876 959 907 ἰ

152 891 356 1031 SED
408 898 469 966 is,
519 900 616 969 qui
674 902 927 972 quinque

275 969 496 1025 talenta
601 972 920 1042 acceperat,

153 1036 261 1092 alia
278 1040 529 1110 quinque
548 1041 797 1097 lucratus
819 1051 928 1097 est:

152 1109 279 1177 quia
327 1119 461 1166 sunt
510 1113 786 1181 nonni'xlli,
830 1114 927 1183 qui

152 1180 250 1234 etsi
294 1180 519 1237 interna
565 1200 633 1238 ac
685 1184 927 1256 mystica

153 1252 448 1319 penetrare
489 1254 774 1319 nesciunt,
825 1271 926 1324 pro

153 1320 463 1378 intentione
501 1332 699 1379 tamen
734 1326 926 1395 super-

144 1407 239 1447 Anae
276 1394 481 1461 patriae
520 1396 731 1451 docent
769 1405 925 1452 recta

149 1478 286 1532 quos
311 1474 565 1535 possunt,
591 1467 660 1521 de
680 1468 811 1537 ipsis
831 1486 924 1522 ex-

150 1534 463 1601 terioribuS,
514 1553 644 1606 quae
689 1539 923 1608 accepe-

149 1615 290 1672 runt,
341 1608 583 1677 duplum
642 1610 925 1664 talentum

151 1685 376 1743 portant
427 1698 438 1732 ε
492 1679 743 1748 dumque
787 1698 845 1735 se
892 1696 926 1735 a

149 1748 327 1803 carnis
383 1750 728 1819 petulantia,
783 1759 841 1806 et
891 1768 926 1806 a

148 1820 498 1876 terrenarum
533 1837 719 1876 rerum
748 1820 926 1876 ambi-

147 1894 221 1952 tu,
289 1900 467 1961 atque
525 1910 560 1948 a
622 1892 925 1948 visibilium

147 1962 440 2032 voluptate
476 1964 820 2028 custodiunt,
852 1966 925 2019 ab

148 2030 229 2085 his
287 2034 465 2089 etiam
527 2033 668 2089 alios
729 2036 924 2090 admo·
990 2053 992 2072 =

149 2102 330 2159 nendo
391 2105 783 2174 compescunt.
853 2108 925 2161 Et

146 2184 269 2228 sunt
309 2176 587 2242 nonnulli,
624 2178 736 2246 qui,
764 2179 922 2248 quasi

147 2243 358 2301 duobus
384 2248 619 2302 talentis
635 2248 818 2314 ditati,
843 2250 923 2302 in-

143 2316 429 2372 tellectum
483 2327 657 2388 atque
721 2336 920 2389 opera-

143 2385 348 2442 tienem
379 2389 719 2460 percipiunt,
751 2391 920 2445 subti-

142 2455 214 2511 lia
230 2459 298 2512 de
320 2460 560 2514 internis
576 2461 920 2530 intelligunt,

144 2527 280 2583 mira
306 2531 362 2584 in
391 2532 766 2586 exterioribus
787 2549 922 2602 ope-

143 2596 350 2656 rantur.
386 2604 647 2673 Cumque
674 2611 731 2656 et
758 2603 921 2657 intel-

141 2668 368 2737 ligendo
396 2682 453 2727 et
481 2673 776 2743 operando
798 2674 923 2729 aliis

143 2743 478 2809 praedicant,
525 2745 688 2814 quasi
739 2746 922 2815 dupli-

143 2809 329 2867 catum
355 2815 425 2869 de
446 2816 682 2885 negotio
699 2817 919 2871 lucrum

143 2884 452 2951 repertant.

174 2953 254 3008 Te
283 2956 488 3011 Deum.

332 3038 423 3080 AD
456 3038 732 3082 LAUDES

218 3095 273 3142 et
284 3096 399 3160 per
419 3094 634 3157 Horas,
663 3095 829 3147 Ar'ioe.

178 3187 219 3225 1.
247 3174 648 3243 Amplificatus
663 3184 748 3230 est
768 3181 796 3210 ὕ
819 3178 920 3232 Sa-

139 3240 300 3297 binus
330 3245 389 3298 in
419 3246 768 3302 mirabilibus
784 3249 913 3314 suiS‚

1704 376 1767 431 27

985 484 1043 530 et
1117 477 1174 532 in
1240 486 1421 534 morte
1486 481 1769 539 mirabilia

985 548 1255 618 operatus
1284 558 1385 605 est.
1422 605 1426 609 .

1021 639 1070 674 2.
1107 621 1317 677 Potens
1343 622 1399 676 in
1429 624 1615 679 verbis
1649 627 1683 660 ’θ
1708 634 1767 680 et

984 690 1041 744 in
1101 692 1366 761 operibus
1419 695 1547 764 suis,
1603 698 1768 766 quasi

984 763 1066 815 sol
1093 762 1302 818 effnlsit
1326 765 1381 819 in
1404 768 1621 836 templo
1643 769 1765 823 Dei.

1019 851 1066 902 3.
1097 833 1335 890 St'nstulit
1364 837 1619 893 mortuos
1638 841 1673 874 ὕ
1692 842 1767 895 ab

982 902 1192 974 inferiS,
1217 906 1287 960 de
1313 916 1464 961 sorte
1493 909 1688 964 mortis
1710 910 1765 964 in

985 976 1160 1029 verbo
1190 976 1422 1032 Demini
1451 980 1575 1034 Dei:

998 1053 1069 1114 ’4.
1113 1046 1398 1115 Quaesivit
1435 1051 1589 1105 bona
1626 1068 1767 1121 gen-

983 1117 1053 1170 tis
1078 1134 1218 1183 suae,
1250 1129 1308 1174 et
1334 1120 1549 1190 placuit
1584 1123 1767 1177 'omni-

982 1188 1084 1241 bu's
1111 1190 1366 1257 potestas
1403 1192 1540 1261 ejuS,
1572 1196 1633 1247 et'
1668 1210 1768 1248 no-

984 1259 1265 1315 minatum
1293 1271 1377 1316 est
1405 1279 1615 1318 nomen
1642 1265 1767 1335 glo·

983 1330 1082 1384 riae
1109 1332 1230 1401 ejus
1257 1350 1434 1402 usque
1464 1336 1539 1390 ad
1579 1337 1765 1391 extre-

981 1416 1139 1455 mum
1165 1410 1353 1459 terrae.

1021 1488 1066 1540 5.
1169 1475 1478 1545 Protegam
1568 1480 1762 1533 urbem

981 1542 1151 1608 hane,
1180 1546 1216 1580 ὕ
1253 1556 1311 1599 et
1349 1545 1587 1602 salvabo
1633 1566 1762 1603 eam

981 1623 1217 1684 propter
1268 1633 1376 1682 me,
1422 1625 1479 1671 et
1530 1628 1766 1690 propter

981 1683 1256 1739 Sabinum
1296 1703 1522 1742 servum
1550 1706 1759 1756 meum,

980 1755 1120 1810 dicit
1147 1756 1442 1814 DeminuS.

981 1831 1337 1913 Capitulum.
1499 1834 1672 1914 Hebr.
1707 1849 1754 1904 5.

990 1904 1131 1992 :³
1153 1928 1180 2000 '³¹
1194 1902 1763 2029 Ἢὲἶιῗίιξόυῧξὲξζωῗῖ

989 2032 1076 2096 ψ-’ᾆ
1138 2001 1180 2090 1
1213 2051 1342 2114 ptus
1380 2061 1483 2126 pro
1520 2044 1763 2100 homini·

979 2117 1081 2170 bus
1133 2115 1493 2171 constitt'utur
1540 2117 1610 2170 ”in
1673 2117 1757 2183 iis,

1020 2203 1110 2240 uae
1155 2196 1285 2241 sunt
1325 2188 1400 2242 ad
1444 2190 1649 2252 Deum,
1700 2198 1761 2244 ut

1016 2256 1186 2311 fferat
1212 2258 1367 2341 dona
1394 2267 1450 2313 et
1476 2260 1762 2315 sacrificia

979 2344 1082 2398 pro
1110 2335 1374 2398 peccatis.

1217 2397 1522 2486 numana„

1209 2549 1390 2612 teger,

978 2612 1240 2682 Acerque
1303 2613 1515 2668 vindex
1577 2614 1762 2670 crimi-

977 2700 1183 2824 Cui-3:¹1?
1178 2727 1361 2811 beatis
1386 2757 1605 2813 ossibus

978 2825 1208 2881 Devota
1237 2828 1459 2897 plaudit
1486 2828 1702 2884 civitas,

1016 2898 1142 2951 Huc
1182 2899 1314 2953 coeli
1349 2900 1422 2954 ab
1458 2901 1589 2954 altis
1620 2900 1761 2955 aedi-

975 2968 1262 3093 Cotiiuvserte
1336 3040 1538 3094 dexter
1598 3041 1761 3096 lami-

976 3125 1154 3234 Ncaeli’s
1182 3180 1499 3251 triumphos
1538 3181 1754 3254 inclyta

976 3252 1144 3306 Fides
1171 3253 1424 3308 vetastos
1450 3252 1682 3323 augeat.
