2250 3810
274 332 391 372 Du:
428 332 497 391 15
536 331 717 372 FEBR.
754 349 831 357 —
861 332 937 374 ss,
976 333 1273 374 FAUSTINI
1305 333 1382 373 ET
1409 334 1663 385 JOVITAE.
1712 338 1790 393 43

158 463 417 534 colligati
439 463 838 519 Mediolanum
861 480 958 518 ve·
1007 471 1136 518 rent
1200 463 1256 517 in
1307 464 1482 520 domo
1535 465 1790 521 Domini.

158 535 365 589 nerunt
400 555 413 589 z
452 535 548 589 ubi
587 535 764 589 etiam
802 534 958 590 varie
1007 533 1080 590 Χ).
1125 535 1513 591 Tradiderunt
1554 539 1798 607 corpora

157 613 213 659 et
224 606 539 661 crudeliter
548 605 785 661 cruciati
805 613 954 660 sunt.
1006 623 1106 660 sua
1128 614 1358 675 propter
1374 608 1560 663 Deum
1579 609 1654 663 ad
1669 625 1798 679 sup-

159 678 418 731 Primum
493 677 645 731 enim
719 676 960 747 liquefa-
1007 677 1196 747 plicia.
1225 679 1413 733 —Ut.

156 756 315 804 ctum
368 748 506 817 igne
558 748 848 817 plumbum
899 749 956 802 in
1244 749 1452 807 stettin
1477 754 1555 815 ni.

157 819 361 874 eorum
417 835 522 873 ora
574 818 896 874 inft'mditur
946 839 958 873 :
1011 818 1045 948 ἶ
1087 821 1401 882 Tstorum
1452 821 1795 876 Sanctorum

156 891 257 945 sed
286 889 490 944 divina
511 890 719 944 virttite
746 890 958 945 incolu-
1028 889 1040 953 ζ
1083 874 1196 1002 ξ
1255 891 1640 963 patrocinium
1670 893 1788 947 Bri-

158 978 280 1016 mes
356 961 679 1015 servantur.
750 961 955 1017 Iisdem
1010 947 1134 1014 ΙΛ*
1203 1007 1205 1009 .
1255 962 1428 1017 xiana
1455 962 1658 1018 civitas
1696 980 1795 1018 ex-

158 1033 367 1102 postea
432 1032 583 1086 oculi
659 1032 955 1098 erut'mtur3
1007 1034 1171 1103 perta
1197 1034 1516 1105 praesertim
1544 1040 1646 1099 est,
1674 1051 1791 1104 quo

157 1104 261 1158 sed
287 1105 428 1175 Jesu
455 1103 662 1159 Christi
699 1104 956 1174 benigni·
1005 1104 1535 1175 temporeeamdem
1556 1105 1680 1161 dira
1700 1107 1798 1161 ob-

157 1174 283 1230 tate
336 1174 601 1244 sequenti
653 1175 745 1229 die
795 1175 953 1229 resti·
1005 1175 1227 1230 sidione
1290 1176 1575 1247 premeret
1626 1176 1795 1231 Nico·

157 1245 421 1300 tuontur.
458 1240 719 1300 Plfirimis
744 1246 957 1316 postte·
1004 1246 1127 1301 laus
1167 1247 1468 1313 PicininuS‚
1500 1248 1798 1318 supremus

160 1333 258 1372 mo
288 1315 419 1371 aliis
434 1317 959 1386 etexquisitissimis
1007 1318 1526 1373 Mediolanensium
1600 1318 1792 1389 copia-

158 1388 460 1443 tormentis
477 1388 617 1443 fides
627 1388 958 1443 eorumten-
1007 1405 1132 1443 rum
1152 1390 1474 1460 imperator.
1498 1389 1793 1459 Siquidem

159 1457 308 1524 tata,
352 1466 652 1528 tamquam
693 1460 827 1531 igne
859 1476 956 1514 au·
1005 1476 1137 1515 eam
1164 1462 1362 1516 urbem
1402 1462 1476 1515 ab
1510 1461 1701 1515 hostili
1740 1462 1797 1516 vi

160 1530 385 1595 rum,in
408 1529 752 1585 cruciatibus
772 1531 959 1602 magis
1005 1532 1241 1602 repente
1267 1532 1570 1586 liberatam
1597 1532 1789 1596 fuisse,

161 1601 388 1656 enituit.
442 1601 650 1656 Postea
703 1604 954 1657 Romam
1006 1610 1310 1671 postquam
1339 1602 1679 1657 sanctissimi
1717 1602 1797 1657 illi

162 1673 319 1727 missi
359 1673 434 1727 ab
470 1672 736 1728 Evaristo
763 1672 957 1728 Ponti-
1008 1673 1241 1728 Patroni
1290 1690 1410 1728 sese
1449 1674 1796 1742 conspicien-

160 1744 268 1798 fice
310 1743 654 1812 confirmati,
699 1745 772 1799 ibi
817 1761 956 1815 quo·
1005 1744 1108 1798 dos
1147 1760 1318 1814 super
1361 1743 1614 1813 ejosdem
1653 1760 1796 1799 moe-

161 1815 957 1885 quecrudelissimetorquen-
1007 1816 1102 1870 nia
1154 1815 1222 1885 in⁶
1262 1816 1435 1870 armis
1480 1814 1664 1870 aureis
1713 1816 1795 1870 in-

158 1894 269 1942 tur.
354 1886 613 1957 Denique
699 1887 957 1958 percincti
1004 1885 1509 1942 stroctosPicinino
1528 1887 1797 1958 praebuis-

163 1957 494 2028 Neapolim,
552 1958 609 2012 in
654 1974 724 2013 ea
777 1959 954 2013 otiam
1004 1966 1149 2023 sent,
1174 1965 1332 2014 certo
1348 1959 1556 2014 certius
1580 1957 1795 2014 testan-

161 2030 300 2083 urbe
333 2029 493 2084 varie
533 2029 788 2095 cruciati,
833 2030 957 2084 vin·
1004 2037 1098 2084 tur
1149 2030 1422 2085 Ludovici
1466 2030 1789 2095 Fuscaroni,

158 2101 264 2155 ctis
290 2099 557 2156 manibus
582 2101 952 2172 pedibt'isque,
1004 2101 1102 2171 qui
1128 2101 1361 2156 senatus
1376 2101 1587 2156 Veneti
1614 2102 1793 2155 nomi-

158 2172 214 2225 in
291 2187 453 2227 mare
516 2172 948 2243 demergontur‚
1005 2188 1076 2226 ne
1159 2172 1596 2243 quatuordecim
1668 2180 1795 2226 tan-

158 2243 308 2298 unde
348 2259 454 2313 per
489 2244 750 2313 Angelos
788 2243 956 2298 mira·
1003 2251 1127 2297 tum
1209 2244 1376 2298 annis
1449 2252 1579 2313 post
1639 2242 1787 2298 solo-

155 2314 346 2369 bssiter
370 2314 556 2384 erepti
581 2323 729 2369 sunt.
762 2315 955 2384 Quare
1003 2321 1123 2370 tam
1195 2316 1353 2369 illam
1416 2314 1790 2380 obsidionem,

156 2388 384 2450 multoS‚
442 2393 500 2439 et
538 2384 859 2440 constantia
898 2386 953 2440 in
1005 2384 1296 2441 Brixianae
1323 2385 1637 2456 provinciae
1663 2402 1793 2440 cum

102 2513 105 2526 ,
153 2457 477 2521 tormentiS‚
535 2464 593 2511 et
656 2457 954 2512 miraculo·
1003 2457 1243 2527 imperio
1282 2465 1549 2527 praeerat,
1579 2456 1791 2512 litterae

155 2543 277 2582 rum
307 2527 525 2582 virtnte
553 2528 629 2582 ad
655 2528 864 2583 Christi
889 2528 953 2582 fi-
1001 2528 1155 2583 binae
1207 2529 1283 2583 ad
1332 2534 1595 2583 sanctum
1649 2530 1795 2582 Lau-

156 2599 287 2653 dem
342 2599 772 2654 converterunt.
822 2601 953 2654 Pos-
1002 2598 1651 2670 rentiumJustinianum
1671 2601 1793 2669 jam

155 2670 343 2725 tremo
395 2669 617 2725 redficti
674 2670 948 2736 Brixiam,
1000 2670 1377 2726 venetiarum
1408 2669 1796 2725 patriarcham

101 2729 107 2870 ι
156 2741 318 2796 initio
356 2741 608 2812 suscepti
646 2742 721 2795 ab
747 2741 953 2795 Adria·
1001 2741 1361 2813 conscriptae.
1420 2744 1486 2796 In
1538 2742 1604 2797 iis
1641 2742 1793 2797 enim

157 2828 230 2866 no
251 2812 498 2883 imperii,
523 2810 706 2867 secori
727 2813 954 2882 percos-
1003 2813 1250 2882 primum
1276 2813 1544 2868 narratur
1567 2829 1685 2883 qua
1706 2829 1796 2868 ra-

154 2883 199 2937 si
236 2882 518 2939 illostrem
556 2884 823 2955 Martyrii
861 2900 951 2939 co·
1003 2884 1159 2938 tione
1225 2884 1560 2939 Brixianam
1616 2884 1795 2956 popu-

155 2954 361 3010 ronam
390 2955 758 3025 acceperunt.
1002 2957 1121 3010 lum
1149 2955 1275 3025 pius
1293 2955 1610 3012 incenderit
1635 2957 1796 3011 furor

192 3025 273 3082 22.
320 3026 583 3081 Verbera
621 3025 953 3080 carnificum
1004 3026 1278 3081 adversus
1338 3027 1636 3097 religiosos
1685 3028 1794 3083 Ca-

159 3113 268 3151 non
290 3098 611 3152 timuerunt
629 3098 814 3151 sancti
832 3097 954 3165 Dei,
1005 3097 1243 3152 nonicos
1267 3099 1451 3153 sancti
1478 3097 1712 3168 Georgii
1735 3099 1790 3153 in

160 3169 470 3224 morientes
487 3184 593 3239 pro
619 3167 829 3224 Christi
855 3167 954 3222 no·
1004 3169 1177 3239 Alga‚
1203 3169 1262 3223 in
1288 3169 1667 3239 suspicionem
1694 3186 1794 3224 vo-

163 3239 309 3295 mine
345 3261 357 3295 :
390 3244 424 3278 ὕ
462 3241 544 3296 Ut
578 3239 820 3295 herodes
853 3238 955 3293 fie-
1004 3238 1166 3294 catos
1191 3239 1315 3294 initi
1347 3239 1563 3294 consilii
1595 3240 1667 3294 de
1706 3257 1793 3295 as·
