2250 3810
262 358 706 401 APPARITIONIS
739 360 788 400 B.
826 359 891 400 M.
924 360 979 401 V.
1014 359 1100 399 DE
1133 359 1609 401 MISERICORDIA.
1671 363 1748 417 49

137 489 188 535 et
210 483 540 541 honestatis,
574 488 702 569 Ego
730 494 915 541 mater
963 501 1095 554 quae
1124 481 1314 553 po'suit
1358 486 1624 556 prodigia
1661 503 1748 540 su-

138 554 379 621 pulchrae
449 557 795 618 dilectionis,
858 565 914 611 et

137 625 449 694 agnitioniS,
469 636 529 683 et
545 637 766 684 sanctae
776 629 907 698 spei.

137 696 195 748 In
221 713 307 750 me
327 699 522 767 gratia
565 701 751 754 omnis
777 700 907 765 viae,

136 773 187 819 et
210 769 465 824 veritatis
495 772 586 825 :in
617 788 707 825 me
729 772 913 825 omnis

136 852 252 906 spes
313 840 469 905 vitae,
542 849 599 896 et
663 842 905 897 virtutis,

121 909 381 965 ·Transite
432 913 511 968 ad
568 930 657 967 me
714 930 913 968 omnes

134 980 221 1049 qui
256 984 658 1053 concupiscitis
702 1001 811 1049 me,
854 994 912 1039 et

136 1066 167 1105 a
235 1055 709 1120 generationibus
774 1057 911 1110 meis

133 1121 431 1192 implemini
468 1145 480 1180 :
510 1126 738 1196 spiritus
759 1126 907 1181 enim

131 1208 276 1248 meus
299 1212 470 1266 super
499 1200 613 1251 mel
638 1198 831 1256 dulcis,
853 1206 908 1253 et

132 1265 403 1322 hereditas
432 1284 569 1323 mea
594 1285 764 1338 super
780 1272 907 1337 mel,

132 1342 183 1389 et
207 1336 415 1393 favum.
448 1339 736 1395 Memoria
780 1357 907 1395 mea

131 1405 628 1478 intgeneratio'nes
671 1412 908 1467 saeculo-

130 1494 257 1534 rum.
278 1481 705 1549 Quieduntme,
720 1483 907 1537 adhuc

128 1550 382 1616 esurient3
396 1560 456 1607 et
473 1553 571 1621 qui
589 1553 905 1621 bibuntme,

128 1622 302 1677 adhuc
343 1623 556 1678 sitient.
594 1624 702 1693 Qui
746 1626 906 1679 audit

133 1708 213 1746 me
239 1710 348 1747 non
379 1694 777 1749 confundetur
810 1716 821 1750 z
848 1705 906 1750 et

127 1764 212 1833 qui
237 1765 555 1833 operantur
581 1766 634 1819 in
666 1782 772 1834 me,
795 1783 899 1820 non

126 1835 453 1903 peccabunt.
480 1836 594 1907 Qui
612 1835 904 1892 elucidant

126 1922 225 1972 me,
254 1909 437 1963 vitam
480 1909 765 1964 aeternam
804 1912 902 1964 ha-

125 1977 345 2034 bebunt.

154 2047 231 2105 22.
292 2054 439 2105 Haec
507 2058 638 2105 sunt
700 2053 895 2115 verba,

123 2136 244 2190 quae
295 2121 551 2193 loqueris
604 2122 680 2176 ad
732 2139 830 2176 eos
889 2143 900 2176 ε

123 2192 359 2248 *Canite
372 2194 518 2247 tuba
531 2193 588 2246 in
604 2193 762 2257 Sion,
776 2210 903 2247 san-

122 2264 366 2320 ctificate
380 2262 900 2334 jejunium,vocate

121 2343 345 2400 coetum,
398 2342 457 2389 et
499 2334 899 2389 convertimini

120 2407 189 2460 ad
227 2407 546 2461 Dominum
581 2408 767 2460 Deum
806 2422 901 2460 ve-

120 2484 302 2532 strum.
337 2475 414 2533 20.
452 2477 642 2540 Venit,
674 2489 731 2531 et
768 2493 902 2531 con-

120 2548 330 2603 vocatis
380 2547 693 2616 majoribus
761 2555 899 2602 natu

120 2620 305 2689 populi
374 2618 641 2687 exposuit
703 2635 901 2674 omnes

81 2691 421 2759 sermones,
512 2707 615 2745 uos
662 2689 901 2745 manda-

83 2776 84 2782 *
120 2771 288 2817 verat.
321 2795 391 2802 —
424 2763 471 2818 C
516 2762 633 2816 nite
668 2763 807 2816 tuba
843 2762 898 2816 in

81 2882 84 2899 ‚
121 2833 263 2887 Sion.

258 2905 323 2955 In
353 2904 428 2955 11.
460 2905 763 2956 Nocturno.

149 2971 297 3024 Αῆα.
325 2969 635 3024 Benedicta
653 2986 712 3023 es
729 2985 762 3023 a
790 2969 900 3023 Do-

83 3040 285 3101 imino,
344 3041 486 3105 filia,
542 3048 601 3095 et
652 3039 897 3110 priorem

83 3107 85 3118 '
122 3111 584 3177 misericordiam,
619 3110 894 3185 posterio-

122 3195 177 3235 re
200 3183 499 3251 superasti.

83 3274 86 3303 2
151 3255 300 3308 Αῆα.
336 3254 556 3319 Venite,
607 3261 664 3308 et
711 3253 898 3308 videte

962 572 1065 626 per
1090 563 1318 610 terram.
1351 609 1362 614 -

998 629 1049 679 A
1059 633 1152 681 ῆα.
1179 626 1503 682 Secundum
1526 629 1746 699 magni-

961 697 1218 752 tudinem
1239 698 1426 768 ipsiuS,
1448 699 1543 766 sic,
1565 708 1621 753 et
1646 701 1746 754 mi-

960 769 1270 823 sericordia
1296 769 1441 823 illius
1465 787 1594 824 cum
1623 772 1746 840 ipsa

960 847 1063 895 est.

1004 910 1494 979 v.Magnific÷'1ta
1534 920 1619 965 est
1659 929 1746 966 us-

958 999 1069 1051 que
1080 982 1156 1036 ad
1167 983 1345 1035 coelos
1363 982 1748 1038 misericordia

959 1061 1077 1107 tua.
1116 1053 1194 1107 R.
1230 1054 1303 1106 Et
1331 1069 1507 1122 usque
1541 1053 1615 1107 ad
1645 1070 1746 1108 nu-

959 1125 1057 1178 bes
1084 1125 1295 1178 veritas
1323 1134 1439 1178 tua.

1254 1201 1405 1252 settin
1433 1200 1506 1250 in.

1254 1266 1431 1321 lvona
1460 1266 1643 1321 altera
1670 1284 1740 1321 ex

1254 1338 1546 1407 praecipuis
1576 1338 1744 1407 Ligu-

1254 1408 1745 1473 riaet'irbibusmul-

1254 1480 1313 1534 ³:is
1332 1480 1564 1549 quidem
1587 1481 1744 1534 clara

959 1568 1296 1617 uuiunuuuS,
1351 1551 1504 1604 nullo
1547 1566 1740 1604 autem

955 1627 1039 1672 est
1068 1620 1326 1687 nobilior,
1354 1637 1528 1688 quam
1557 1621 1630 1673 ob
1650 1637 1743 1688 pe-

954 1689 1228 1744 culiarem
1295 1690 1484 1746 beatae
1540 1691 1742 1746 Mariae

956 1761 1211 1830 Virginis
1227 1761 1606 1816 Patrocinium
1623 1761 1744 1830 plu-

955 1831 1063 1884 ries
1107 1833 1229 1899 sibi,
1258 1841 1313 1886 et
1358 1831 1742 1902 singularibus

953 1902 1223 1958 testatum
1253 1904 1563 1960 beneficiis,
1599 1908 1739 1961 l-laec

951 1974 1245 2031 interillud
1259 1975 1506 2030 maxime
1526 1993 1740 2031 memo-

950 2045 1217 2110 randum,
1279 2049 1434 2113 quod
1499 2048 1553 2100 in
1619 2048 1735 2102 divi

954 2117 1226 2172 Bernardi
1254 2120 1404 2173 valle
1432 2118 1739 2186 contigisse

950 2205 1104 2242 anno
1134 2190 1433 2243 millesimo
1460 2189 1738 2257 quingen-

948 2259 1154 2314 tesimo
1217 2260 1513 2330 trigesimo
1575 2268 1738 2314 sexto

950 2343 1220 2385 constans
1247 2331 1481 2386 traditio
1508 2339 1566 2384 et
1613 2347 1735 2399 per-

950 2402 1180 2456 vetusta
1232 2402 1601 2457 monumenta
1654 2403 1736 2456 fe-

951 2483 1089 2527 runt,
1139 2474 1222 2528 Ibi
1285 2475 1438 2528 enim
1501 2475 1736 2528 colonus

949 2544 1185 2612 quidam
1238 2546 1325 2600 vir
1361 2545 1619 2613 simplex,
1665 2562 1734 2599 ac

951 2615 1158 2668 timens
1232 2618 1418 2670 Deum
1484 2616 1559 2669 ad
1637 2616 1732 2669 de-

950 2687 1273 2741 currentem
1317 2686 1560 2740 rivulum
1607 2685 1736 2741 Dei-

950 2773 1152 2827 param
1226 2759 1330 2813 sibi
1379 2758 1521 2812 miro
1575 2775 1734 2813 coru-

948 2827 1205 2883 scantem
1215 2829 1516 2898 splendore
1529 2829 1735 2884 iterato

950 2900 1284 2969 apparuisse
1326 2900 1631 2965 nuntiavit,
1665 2918 1732 2956 ac

949 2971 1113 3024 simul
1137 2971 1342 3025 dixisse
1370 2973 1472 3026 sibi
1503 2981 1732 3039 gratum

950 3042 1366 3111 acceptumque
1385 3043 1527 3105 fore,
1555 3051 1615 3097 ut
1633 3045 1733 3097 Sa-

950 3113 1236 3167 vonenses
1297 3114 1533 3182 expiata
1599 3130 1732 3166 con·

949 3184 1207 3248 scientia,
1256 3185 1533 3252 sacroque
1586 3200 1735 3250 pane

948 3254 1146 3309 refecti
1207 3255 1413 3323 dignos
1476 3254 1737 3308 facerent

103 3366 1658 3422 W*
1758 3372 1762 3377 “
