2250 3810
477 357 554 413 30

476 486 783 543 fidelissimi
814 484 1253 548 commilitoneS,

474 559 805 627 festivisque
880 557 1031 612 diem
1106 557 1257 609 hunc

472 629 701 702 gaudiis
717 628 1130 683 consecremus
1142 627 1258 680 Ad-

474 708 630 755 stant
675 700 827 754 enim
876 698 1084 769 Angeli
1136 696 1255 751 ani-

476 789 599 827 mas
649 778 874 826 nostras
923 787 953 825 e
1004 767 1258 838 corporis

473 842 764 914 ergastulo
802 841 1015 896 solutas
1055 840 1110 894 in
1140 856 1257 893 em-

471 931 651 987 pyrea
679 929 859 985 regna
885 929 1014 967 cum
1042 913 1256 982 palmae

470 988 734 1057 trophaeo
779 983 1092 1040 deducturi.
1139 983 1257 1035 Nos

471 1057 640 1113 hodie
652 1057 707 1110 in
718 1072 881 1111 suam
891 1062 1104 1109 sortem
1120 1069 1256 1107 can-

470 1129 652 1184 didati
665 1127 946 1198 martyres
957 1123 1251 1194 excipient.

473 1201 555 1253 En
586 1199 748 1254 nobis
773 1197 1051 1253 coelorum
1072 1195 1254 1266 janua

469 1271 672 1340 aperta
717 1277 817 1325 est.
869 1268 1019 1339 Quid
1065 1266 1254 1321 mora-

469 1358 610 1411 mur,
658 1357 773 1412 quo
822 1340 1007 1394 minus
1044 1338 1119 1393 ad
1159 1338 1253 1391 εό-

408 1477 411 1484 ,
467 1429 593 1468 rum
610 1412 1022 1468 beatitudinem
1040 1425 1252 1464 convo-

406 1495 412 1560 1
469 1485 688 1539 lemus?

504 1555 584 1610 R.
621 1556 878 1610 Verbera
916 1551 1250 1609 carnificum

467 1644 581 1682 non
600 1627 913 1683 timuerunt
928 1623 1111 1679 sancti
1123 1623 1247 1692 Dei,

467 1700 776 1755 morientes
796 1714 899 1768 pro
919 1696 1129 1752 Christi
1148 1694 1248 1747 no-

468 1772 619 1826 mine
656 1773 728 1825 :⁴¹⁶
757 1770 835 1825 Ut
870 1767 1108 1823 heredes
1147 1764 1248 1819 fie-

465 1850 591 1897 rent
654 1842 711 1895 in
761 1842 935 1896 domo
988 1836 1241 1891 Domini.

467 1916 540 1970 X'.
585 1910 965 1969 Tradiderunt
1003 1909 1247 1979 corpora

463 2004 567 2042 sua
630 1992 864 2055 propter
921 1984 1104 2035 Deum
1174 1980 1249 2035 ad

464 2056 758 2127 supplicia.
788 2086 853 2094 —
882 2055 976 2109 Ut.

710 2130 903 2184 Uettio
928 2128 1008 2191 ni.

561 2199 824 2300 'smol-'ro'
862 2197 956 2252 ubi
993 2196 1107 2250 suis
1148 2212 1247 2277 nu-

661 2323 663 2336 ,
700 2271 822 2325 dati
884 2276 1015 2323 sunt
1077 2274 1249 2321 vesti-

473 2240 503 2350 153-11
542 2240 652 2363 ξι

628 2350 647 2371 ‘·
702 2341 923 2405 mentiS‚
961 2339 1124 2407 quasi
1163 2337 1246 2391 fo-

461 2418 588 2466 rent
627 2414 702 2467 ad
730 2412 1072 2467 lautissimas
1110 2409 1248 2478 epu-

461 2486 544 2539 las
584 2484 829 2548 invitati,
872 2499 902 2535 e
943 2480 1105 2549 re'gia
1146 2480 1247 2533 mi-

459 2572 582 2609 rum
624 2555 679 2608 in
728 2555 959 2609 modum
998 2551 1248 2604 exsulta-

459 2626 636 2681 bundi
665 2626 738 2680 ad
766 2622 1027 2693 supplicii
1055 2624 1243 2675 locum

462 2697 793 2767 properant.
926 2693 1099 2748 Haud
1146 2691 1245 2747 ua-

461 2783 635 2838 quam
686 2766 855 2821 facile
905 2766 977 2819 sit
1033 2765 1113 2818 rel
1156 2772 1236 2832 tu,

459 2855 634 2909 quam
663 2838 786 2908 pias
809 2839 931 2892 Deo
958 2843 1091 2890 tunc
1119 2835 1243 2904 per-

459 2917 665 2965 sonent
703 2909 919 2974 laudeS‚
954 2922 1244 2978 quamque

460 2981 713 3051 impense
764 2980 982 3051 gratias
1037 2984 1237 3048 agant.

462 3056 540 3108 At
566 3053 677 3122 ubi,
699 3052 892 3122 quoad
919 3050 1094 3115 licuit,
1119 3051 1243 3102 Deo

458 3124 872 3195 supplicavere,
998 3121 1242 3189 suasque

457 3197 682 3252 animas
724 3192 1239 3257 commendavere3

453 3268 780 3339 spiculatori
844 3265 1079 3321 tandem
1144 3262 1238 3316 fle-

748 351 857 392 DIE
894 338 963 392 16
995 350 1316 393 OCTossms.
1349 369 1428 377 —
1459 352 1504 392 s,
1540 352 1848 393 EDUARm.

1314 484 1534 538 etentes
1561 483 1862 548 cervicem,
1896 483 2126 554 capitis*

1313 556 1750 610 obtruncatione
1788 556 2098 626 gloriosam

1313 643 1417 696 pro
1452 627 1659 681 Christi
1697 627 1810 681 fide
1851 635 2098 681 mortem

1312 698 1694 768 paciscuntur.
1745 698 1949 752 Eorum
1995 699 2101 752 ita·

1312 786 1421 838 que
1461 769 1856 855 conquassatis
1895 769 2099 840 eapiti-

1310 840 1431 906 bus,
1463 841 1753 895 cadavera
1780 841 2102 895 crudelissi-
2141 879 2144 896 γ

1313 928 1402 965 me
1448 911 1658 981 collisa,
1706 911 2100 966 membratim-

1309 999 1420 1052 que
1438 983 1969 1053 discerpta‚magno
1984 983 2104 1037 fue-

1310 1071 1369 1108 re
1395 1053 1601 1124 pueriS,
1628 1070 1696 1108 ae
1723 1054 1927 1108 ceteris
1955 1054 2101 1109 ludi·

1308 1126 1449 1191 bri0,
1482 1125 1679 1195 utpote
1718 1141 1850 1194 quae
1879 1142 1984 1195 per
2013 1143 2102 1180 ur·

1308 1196 1438 1251 bem
1528 1195 1769 1266 turpiter
1861 1196 2102 1267 raptata

1307 1276 1456 1335 sunt,
1498 1285 1566 1322 ac
1611 1265 1892 1322 dilaniata
1939 1288 1951 1322 :
1999 1270 2099 1323 sed

1307 1339 1509 1409 postea
1530 1356 1565 1393 a
1581 1336 1905 1393 christianis
1925 1340 2102 1394 colle-

1306 1419 1418 1478 cta,
1440 1411 1699 1481 edngruo
1720 1408 1939 1464 honore
1963 1411 2103 1465 con-

1306 1482 1426 1537 dita
1460 1482 1691 1536 fuerunt
1733 1480 1789 1534 in
1835 1481 2102 1551 Alphon-

1305 1554 1458 1625 de'ga
1519 1552 1874 1607 Massiliensi.
1945 1554 2100 1621 Quae

1306 1633 1431 1694 post
1458 1627 1584 1679 haec
1621 1641 1750 1678 cum
1779 1624 1931 1693 regis
1963 1626 2101 1679 Por-

1304 1696 1564 1767 tugalliae
1585 1695 1737 1750 filius
1756 1694 1913 1749 dono
1930 1711 2100 1750 acce·
2142 1687 2148 1816 ᾳ

1303 1765 2100 1837 pisset,inHispaniamtrz'ms-

1303 1840 1433 1894 tulit
1468 1859 1478 1893 :
1508 1839 1600 1893 ubi
1640 1839 1845 1892 horum
1886 1838 2114 1893 suffra--

1302 1912 1410 1982 giis
1453 1912 1616 1966 varia
1661 1909 1946 1979 plerisque
1996 1911 2099 1965 im-

1304 1982 1631 2053 penduntur
1646 1980 1950 2051 beneficia,
1979 1996 2095 2036 cre-

1305 2055 1418 2108 bris
1462 2051 1875 2124 usquequaque
1923 2053 2098 2108 mira-

1304 2126 1442 2179 culis
1459 2142 1579 2180 suae
1597 2122 1902 2195 probitatis
1916 2124 2095 2179 fidem
2141 2140 2144 2195 Ι

1302 2213 1417 2322 gon
1476 2195 1772 2267 vulgarem
1830 2194 2098 2250 facienti·

1343 2284 1420 2322 us,

1336 2338 1417 2393 R.
1453 2341 1796 2407 Tamquam.

1336 2414 1408 2464 In
1429 2413 1515 2482 iij.
1542 2412 1699 2464 Noct.
1719 2412 2010 2464 Lectiones
2029 2413 2095 2464 de

1301 2486 1485 2535 eodem
1516 2483 1821 2535 Communi
1851 2482 1916 2551 ij.
1951 2483 2084 2535 loco.

1335 2556 1407 2607 ln
1447 2552 1596 2622 Vesp.
1639 2550 1949 2607 Commem.
1981 2570 2088 2622 seq.

1303 2681 1433 2734 DIE
1475 2680 1636 2734 XVI.
1673 2680 2082 2735 OCTOBRIS.

1377 2751 1486 2822 (D.
1520 2770 1569 2806 a.
1598 2769 1671 2805 ex
1691 2753 1819 2823 χιι).
1853 2752 2013 2822 huj.)

1464 2829 1533 2885 S.
1573 2828 1922 2886 Eduardi

1304 2907 1472 2973 Regis
1504 2902 1557 2959 C
1553 2905 1667 2976 ons.
1702 2905 2083 2974 Semiduplex.

1339 2978 1549 3030 Omnia
1575 2983 1642 3029 ut
1665 2978 1728 3029 in
1750 2976 1924 3029 Brev.
1951 2977 2077 3046 xt‘tj.

1299 3049 1471 3117 lz'ujus
1498 3046 1589 3115 (m.
1620 3054 1654 3100 t.
1688 3047 1774 3113 v.)

1348 3123 1496 3188 lsesp.
1566 3137 1602 3170 a
1681 3115 1953 3187 Capitulo
2021 3119 2086 3170 de

1298 3192 1551 3259 sequenti
1595 3187 1648 3244 C
1644 3196 1899 3243 ominem.
1932 3194 2083 3259 prce-

1296 3262 1549 3314 cedentt's.
