2250 3810
564 360 673 401 DIE
707 362 768 416 17
793 360 927 410 jAN.
957 378 1014 385 --
1054 360 1098 399 s,
1130 359 1358 401 SABlNl.
1712 364 1776 417 25

162 475 308 544 ipsas
353 474 619 542 reliquias
661 474 933 529 condidit.
991 480 1162 543 prout
1221 474 1419 539 fertur,
1471 475 1776 530 moriturus

162 546 420 600 Tandem
445 586 457 610 ,
526 545 939 615 posteaquam
992 543 1778 602 mandaveratffiestumvero

161 616 456 670 ecclesiam
537 632 700 671 suam
777 616 940 670 annis
990 614 1778 684 ipsiuS,solemniuscelebrari

161 687 549 757 quadraginta
670 686 938 757 rexisset,
995 688 1105 740 Leo
1120 687 1280 756 Papa
1297 687 1774 755 decimustertiuS‚

162 758 373 826 quievit
436 759 491 811 in
555 774 696 828 pace
770 758 939 812 te'rtio
992 757 1456 812 Placentinorum
1491 758 1641 813 votis
1676 759 1776 814 an-

162 829 291 883 Idus
353 829 701 894 DecembriS,
768 828 940 884 beato
990 844 1187 896 nuens,
1216 829 1467 884 indulsit.

165 900 500 954 Innocentio
532 900 718 954 Primo
750 900 967 953 Ponti-·
1029 898 1107 953 R.
1133 900 1302 969 Quod
1324 900 1615 955 infirmum
1644 901 1767 971 fuit,

158 970 274 1025 fiee.
304 971 523 1039 Corpus
559 971 679 1039 ejus
719 971 775 1025 in
815 972 939 1040 ipsa
988 970 1385 1035 consolidavit,
1411 972 1565 1039 quod
1586 973 1777 1041 aegro-

159 1043 282 1096 aede
318 1040 726 1111 Apostolorum
761 1043 940 1096 hono-
988 1047 1129 1106 tum,
1163 1041 1412 1105 sanavit,
1451 1042 1606 1111 quod
1643 1059 1775 1097 con-

160 1111 309 1167 rifice
330 1112 616 1182 sepultum
640 1120 725 1166 est
751 1130 785 1167 a
811 1129 935 1167 san·
989 1113 1257 1177 tractum,
1303 1111 1584 1180 alligz'ivit,
1620 1115 1775 1182 quod

159 1190 249 1237 cto
294 1186 502 1239 Mauro
554 1184 673 1252 ejus
721 1200 939 1238 succes·
988 1182 1296 1252 abjectum,
1329 1183 1576 1249 reduxi&
1617 1200 1774 1253 quae-

158 1254 294 1309 sore.
325 1255 472 1310 Cum
499 1263 692 1309 autem
726 1256 938 1309 saeculo
987 1252 1120 1308 sivit
1177 1261 1389 1323 autem,
1441 1255 1596 1323 quod
1653 1272 1776 1325 per-

160 1341 306 1381 nono
347 1343 419 1381 ea
458 1325 697 1380 ecclesia
735 1343 770 1381 a
812 1326 939 1381 bin·-
989 1324 1151 1380 ierat.
1205 1327 1241 1361 ‘¹’
1311 1326 1450 1380 Ideo
1501 1326 1775 1383 memoria

156 1396 304 1452 baris
331 1397 519 1452 diruta
546 1396 761 1461 fuisset,
794 1398 937 1451 Eve-
988 1396 1192 1466 ejusin
1218 1397 1617 1455 benedictione
1646 1398 1769 1454 erit,

157 1467 357 1523 surdus
443 1467 700 1531 antisteS,
785 1485 939 1523 nova
992 1468 1062 1521 Χ).
1093 1466 1341 1537 δὲρίεηε
1382 1468 1435 1521 in
1482 1469 1777 1537 prophetis

157 1540 446 1594 exstructa
484 1539 736 1605 basilica,
763 1556 936 1608 quam
991 1537 1242 1603 vacavit,
1282 1546 1341 1592 et
1376 1538 1603 1593 occulta
1646 1555 1774 1608 pro-

155 1618 351 1665 sancto
416 1609 632 1664 Sabino
699 1609 934 1675 dicavit,
989 1608 1317 1663 verbiorum
1347 1609 1668 1678 exquisivit.
1699 1641 1768 1651 -

157 1680 263 1734 illic
284 1697 493 1750 corpus
512 1680 632 1749 ejus
658 1697 785 1734 cum
815 1680 941 1736 aliis
990 1680 1131 1734 Ideo
1208 1680 1503 1735 memoria.
1576 1680 1776 1738 Gloria

156 1752 403 1821 reliquiis
448 1751 720 1806 condidit.
767 1753 938 1806 Anno
992 1750 1161 1805 Patri.
1187 1751 1325 1805 Ideo
1354 1750 1645 1806 memoria.

156 1838 289 1877 vero
316 1822 618 1878 millesimo
644 1824 938 1893 octingen·
1122 1828 1186 1879 In
1213 1829 1321 1879 111.
1346 1829 1648 1881 Nocturno.

156 1893 355 1950 tesimo
415 1894 809 1964 octuagesimo
855 1911 939 1949 se·
1023 1896 1178 1950 Αῆα.
1213 1893 1419 1950 Ora'wit
1460 1895 1534 1949 ad
1574 1896 1772 1951 Domi-

155 1964 337 2020 cundo
379 1965 636 2036 Jozinnes
678 1965 938 2035 Baptista
990 1982 1127 2020 num
1152 1974 1383 2021 sanctus
1415 1966 1687 2030 AntisteS,
1717 1976 1775 2024 et

158 2034 470 2106 Episcopus
515 2036 665 2090 idem
734 2053 938 2107 corpus
987 2037 1200 2092 coelum
1282 2037 1442 2092 dedit
1517 2037 1774 2107 pluviam

156 2107 258 2162 rite
283 2107 646 2177 recognovit,
678 2116 853 2177 atque
880 2109 935 2162 in
988 2109 1342 2183 temporibus
1368 2109 1498 2164 suis,

157 2193 307 2233 nova
346 2195 488 2234 arca
512 2178 809 2233 decentius
835 2181 938 2234 sub
1022 2181 1179 2235 Αῆα.
1222 2181 1294 2235 Et
1333 2181 1405 2235 de
1455 2196 1584 2235 rore
1640 2181 1772 2236 coeli

155 2264 254 2304 ara
297 2249 556 2304 maxima
595 2251 931 2319 composuit.
988 2257 1046 2304 et
1088 2251 1161 2304 de
1203 2251 1550 2321 pinguedine
1601 2259 1772 2308 terrae

158 2319 219 2373 In
245 2337 365 2390 quar
389 2321 786 2391 recognitione
800 2321 937 2376 illud
989 2321 1152 2375 facta
1178 2329 1266 2376 est
1289 2321 1664 2377 abundantia.

157 2391 355 2447 notatu
393 2392 635 2462 dignum
662 2399 719 2446 et
755 2393 937 2461 perju-
1022 2394 1180 2446 Αῆα.
1207 2393 1399 2446 Verbo
1422 2392 1655 2446 Domini
1673 2393 1772 2447 ad-

155 2461 405 2517 cundum
450 2463 660 2529 evenit,
685 2463 840 2532 quod
883 2463 938 2516 in
988 2462 1156 2518 duxit
1180 2461 1440 2531 spiritum
1467 2479 1638 2532 super
1660 2470 1772 2517 tet-⁸

155 2533 377 2588 tumulo
404 2533 808 2598 vetustissimo,
841 2533 937 2602 qui
988 2549 1133 2598 ram,
1179 2541 1235 2587 et
1289 2533 1592 2604 prohibitae
1641 2543 1774 2589 sunt

155 2603 351 2659 Sabini
409 2621 537 2659 ossa
583 2605 934 2669 continebat,
990 2620 1159 2673 aquae
1183 2605 1254 2658 de
1280 2606 1446 2660 coelo,

154 2674 448 2731 vasculum
489 2691 618 2730 cum
659 2675 939 2746 sanguine
1026 2675 1098 2730 X).
1148 2677 1235 2734 Tu
1286 2691 1345 2730 es
1393 2676 1661 2731 sacerdos
1710 2676 1768 2731 in

153 2747 333 2802 sancti
363 2746 642 2801 Antonini
670 2746 940 2818 Martyris
988 2746 1290 2802 aeternum.
1338 2747 1411 2802 231.
1442 2746 1779 2802 Secundum

153 2815 451 2873 inventum
502 2824 606 2882 est,
662 2819 817 2887 quod
867 2835 937 2872 ex
990 2818 1246 2872 ordinem
1277 2819 1715 2874 Melchisedech.

152 2888 395 2959 antiqua
439 2888 769 2953 traditione,
819 2890 938 2959 ipse
994 2889 1184 2944 Lectio
1234 2889 1416 2944 sancti
1470 2889 1773 2958 Evangelii

151 2968 385 3015 sanctus
477 2959 793 3030 Episcopus
881 2960 937 3013 in
1023 2960 1338 3015 secundum
1365 2961 1727 3015 Matthaeum.

151 3030 648 3086 inventioneillius
669 3031 940 3103 Martyris
989 3030 1196 3088 Eettin
1220 3036 1321 3098 nij.
1511 3033 1646 3101 Cap.
1682 3045 1774 3099 25³-

154 3100 208 3155 in
233 3103 365 3157 aede
410 3103 816 3171 Apostolorum
859 3102 938 3156 vi·
1058 3103 1109 3156 N
1138 3102 1234 3157 ino
1269 3103 1528 3173 ternpore
1562 3122 1574 3156 ε
1614 3102 1774 3156 Dixit

151 3189 292 3227 vens
318 3173 411 3243 pie
437 3173 841 3240 custodiverat‚
860 3180 934 3238 et,
1080 3175 1245 3243 Jesus
1313 3173 1600 3244 discipulis
1660 3173 1772 3240 suis

153 3253 214 3298 ut
240 3244 399 3314 apud
425 3260 485 3298 se
524 3244 934 3309 asservaretur,
990 3243 1331 3315 parabolam
1357 3246 1506 3299 hanc
1536 3264 1548 3299 ε
1580 3246 1771 3300 Homo
