2250 3810
340 368 451 408 DIE
477 357 545 409 26
574 368 747 408 FEBR.
777 385 846 393 —
876 369 926 410 B.
960 369 1227 411 ANTONu
1259 371 1342 410 DE
1369 372 1615 414 AMAND.

177 481 375 536 tinatis
414 479 621 550 insigni
650 478 860 533 virtute
887 496 955 533 ac
1005 468 1305 534 sublevare

1726 381 1743 414 ¹
1755 378 1788 429 9

1434 483 1786 554 magnopere
1807 534 1812 538 .

177 550 460 607 miraculis
532 549 947 620 percrebuerat.
1004 549 1236 605 studuit.

177 626 367 693 Atque
392 624 543 677 hunc
570 622 662 676 ille
687 622 790 676 sibi
809 637 951 691 prae·

179 696 342 765 cipuo
381 695 636 764 quodam
678 693 954 762 obsequio

178 767 476 821 colendum
541 781 610 820 ac
677 763 954 819 veneran-

179 840 309 894 dum
333 836 646 908 proposuit.
733 839 737 843 ⁴

215 909 291 965 Β.
328 908 664 964 Honestum.

427 983 630 1036 Lectio
656 988 709 1034 υ.

270 1069 330 1123 ,ρ
371 1051 507 1106 ,ΗΜ
547 1057 743 1105 autem
780 1051 957 1119 probe

190 1129 192 1166 ἔ
264 1122 374 1192 ξε»
413 1122 775 1192 intelligeret,
832 1120 957 1175 reli-

410 1193 791 1263 giosissimum
843 1192 951 1246 cul-

180 1273 299 1319 tum
349 1280 469 1318 esse
522 1263 733 1318 imitari
785 1279 956 1333 quem

178 1336 434 1399 colimuS,
503 1335 558 1389 id
623 1335 807 1405 ipsum
865 1334 957 1387 ille

179 1407 332 1461 omni
360 1406 551 1460 studio
582 1405 774 1460 facere
802 1404 956 1459 insti-

178 1479 299 1533 tuit.
367 1478 568 1546 Itaque
630 1485 838 1546 quarta
902 1483 959 1530 et

177 1557 339 1604 sexta
366 1549 513 1603 feria
541 1549 716 1617 (quod
757 1564 791 1602 a
830 1563 958 1602 san-

176 1629 270 1675 cto
324 1619 569 1674 Nicolao
620 1619 956 1689 usurpatum

177 1693 445 1759 noverat)
520 1691 782 1745 severum
855 1689 957 1744 sibi

169 1762 451 1834 jejunium
493 1761 697 1817 indixit
754 1781 766 1816 ε
804 1762 959 1830 quod

176 1834 394 1905 pariter
417 1833 510 1887 die
532 1832 756 1888 sabbati
779 1831 961 1886 omni-

177 1923 250 1961 no
275 1903 565 1961 servabat.
597 1904 851 1973 Reliquis
867 1920 961 1958 ve-

174 1994 237 2032 ro
265 1977 470 2032 diebus
496 1977 744 2031 oleribus
783 1992 849 2030 ac
886 1977 961 2028 le-

172 2048 523 2120 guminibu5‚
602 2055 660 2101 et
735 2046 962 2101 modico

173 2122 311 2175 vino
323 2119 627 2174 contentus
643 2126 784 2173 erat.
801 2119 959 2172 Som-

176 2208 281 2246 nus
357 2188 673 2244 admodum
748 2189 952 2258 breviS‚

172 2263 417 2332 corpore
445 2277 617 2331 supra
645 2262 956 2325 sarmenta,

172 2334 368 2404 capite
395 2348 568 2402 supra
594 2331 846 2401 lapidem
878 2347 962 2384 re-

172 2404 412 2460 clinat0.
448 2403 781 2473 Asperrimo
820 2404 962 2456 lum-

171 2477 276 2530 bos
316 2474 503 2530 cilicio
548 2474 958 2543 constringere,

171 2547 445 2602 humeros
470 2544 666 2616 flagris
703 2543 961 2599 cruenta-

172 2635 231 2674 re
298 2617 616 2672 consuevit.
674 2616 960 2670 Praeterea

171 2688 562 2760 proximorum
613 2686 781 2741 saluti
845 2685 963 2740 ala-

144 2761 348 2816 criter
410 2758 774 2824 inserviebat,
842 2773 963 2811 eos-

168 2833 425 2901 demque
458 2831 552 2885 vel
586 2828 961 2899 peccatorum

168 2902 442 2958 sordibus
469 2898 804 2970 inquinatos
839 2915 961 2969 poe·

170 2974 438 3030 nitentiae
475 2970 963 3028 lavacromunda·

168 3064 250 3112 re,
275 3047 372 3101 vel
394 3044 641 3099 afflictos
657 3041 848 3107 solari,
870 3043 962 3096 vel

168 3116 405 3173 carcere
427 3114 676 3170 inclusos
696 3113 958 3179 invisere,

170 3191 266 3243 vel
292 3190 536 3260 egentes
553 3193 728 3254 atque
747 3184 962 3255 inopeS,

170 3260 489 3331 implorata
518 3257 792 3333 ditiorum
830 3272 955 3326 ope,

1040 620 1123 676 73.
1154 622 1391 678 Amavit
1416 640 1564 679 eum.

1234 694 1439 753 Uettio
1464 701 1546 761 bi.

1033 779 1192 832 ᾔ,
1242 766 1667 823 Eterrimumab
1684 769 1787 824 hu-

1013 823 1189 922 ΚΓ)
1243 837 1396 891 mani
1435 839 1660 907 generis
1686 842 1784 894 ho-

1014 915 1034 932 ··
1057 919 1159 945 *²2
1202 927 1205 954 ³
1243 917 1326 962 ste
1366 909 1661 964 certamen
1688 912 1784 966 diu

1010 983 1367 1049 multumque
1501 981 1781 1036 sustinuit.

1015 1057 1231 1108 Praeter
1281 1051 1503 1105 ce'teras
1545 1053 1788 1107 nocendi
1871 1067 1875 1070 ’

1008 1132 1178 1189 arteS,
1210 1121 1413 1192 quibus
1439 1122 1531 1176 ille
1552 1124 1788 1178 Antonii

1009 1203 1261 1250 mentem
1314 1199 1485 1262 atque
1532 1192 1788 1249 animum

1009 1265 1337 1331 infestabat,
1465 1265 1792 1321 verberibus

1009 1337 1323 1407 aliquando
1352 1336 1408 1389 in
1437 1336 1558 1405 ejus
1585 1353 1791 1407 corpus

1010 1410 1091 1463 ita
1141 1409 1438 1471 saeviebat,
1490 1415 1551 1461 ut
1591 1408 1784 1462 exani-

1009 1496 1161 1534 mem
1188 1479 1345 1533 humi
1374 1494 1440 1531 ac
1469 1494 1613 1548 pene
1643 1479 1791 1533 mor-

1007 1559 1171 1619 tuum
1209 1549 1570 1617 relinqueret.
1619 1550 1790 1605 Hisce

1009 1630 1204 1676 tamen
1246 1619 1545 1674 comitibus
1590 1619 1790 1674 adver-

1009 1692 1191 1747 sarius
1230 1691 1366 1745 nihil
1406 1691 1792 1760 consequeba-

1010 1772 1118 1830 tur,
1171 1763 1276 1816 nisi
1328 1768 1388 1815 ut
1449 1762 1630 1815 sancti
1684 1762 1790 1816 viri

1010 1832 1337 1888 constantia
1349 1832 1422 1887 ad
1435 1832 1713 1901 majorem
1734 1833 1789 1887 in

1010 1907 1131 1962 dies
1193 1902 1604 1975 perfectionem
1669 1905 1789 1974 qui-

1012 1977 1254 2032 busdam
1310 1974 1488 2032 veluti
1550 1975 1792 2030 stimulis

1012 2049 1380 2103 excitaretur.
1414 2047 1676 2101 Tandem
1704 2054 1794 2102 tot

1013 2119 1267 2174 victoriis
1293 2119 1542 2188 inclytus
1580 2134 1648 2172 ac
1678 2119 1793 2172 me-

1012 2191 1131 2245 ritis
1159 2193 1375 2260 plenuS,
1408 2190 1669 2258 quintum
1704 2207 1793 2244 su-

1012 2279 1114 2331 pra
1191 2261 1627 2331 nonagesimum
1692 2278 1793 2314 an-

1014 2349 1150 2386 num
1196 2348 1396 2403 agenS‚
1440 2333 1513 2385 ad
1557 2332 1794 2400 promis-

1011 2421 1132 2459 sam
1164 2403 1421 2473 legitime
1440 2401 1793 2456 certantibus

1012 2474 1284 2529 coronam
1303 2473 1505 2542 gloriae
1531 2470 1789 2537 vocatuS,

1013 2561 1082 2599 ex
1110 2546 1221 2600 hac
1247 2545 1368 2598 'vita
1392 2542 1666 2613 migravit
1693 2559 1794 2597 an-

1015 2633 1089 2670 no
1116 2616 1314 2670 salutis
1340 2614 1638 2670 millesimo
1654 2631 1811 2684 qua-.

1013 2686 1463 2757 dringentesimo
1513 2685 1794 2755 quinqua-

1012 2759 1250 2828 gesimo,
1285 2757 1445 2812 Servi
1472 2757 1556 2812 sui
1583 2757 1793 2811 sancti-

1012 2828 1192 2884 tatem
1226 2831 1380 2883 Deus
1409 2826 1701 2883 miraculis
1730 2828 1794 2881 il-

1014 2901 1296 2965 lustravit‚
1345 2907 1516 2969 atque
1557 2899 1642 2952 his
1679 2915 1792 2952 non

1016 2971 1096 3026 ita
1115 2974 1296 3026 multo
1315 2979 1444 3040 post
1462 2969 1655 3039 populi
1679 2971 1793 3022 cul-

1011 3050 1102 3097 tus
1129 3041 1367 3097 accessit
1393 3040 1585 3108 :cujus
1606 3039 1795 3108 proin-

1013 3114 1083 3168 de
1123 3110 1469 3180 antiquitate
1516 3109 1620 3163 rite
1667 3125 1795 3178 pro-

1014 3183 1171 3248 bata,
1215 3184 1480 3238 Clemens
1517 3179 1798 3233 decimus-

1012 3255 1229 3319 tertius,
1263 3250 1572 3306 Beatorum
1601 3248 1798 3304 nume-
